<?xml version="1.0" encoding="UTF-8"?>
<!DOCTYPE html PUBLIC "-//W3C//DTD XHTML 1.0 Transitional//EN"
    "http://www.w3.org/TR/xhtml1/DTD/xhtml1-transitional.dtd">
<html xmlns="http://www.w3.org/1999/xhtml" xml:lang="en" lang="en">
 <head>
  <title>
</title>
<meta http-equiv="Content-Type" content="text/html;charset=utf-8" />
  <meta name='ocr-system' content='tesseract 3.04.00' />
  <meta name='ocr-capabilities' content='ocr_page ocr_carea ocr_par ocr_line ocrx_word'/>
</head>
<body>
  <div class='ocr_page' id='page_1' title='image "./dictacatonisqua00nmgoog_0012.png"; bbox 0 0 3224 4942; ppageno 0'>
   <div class='ocr_carea' id='block_1_1' title="bbox 487 1166 1098 1236">
    <p class='ocr_par' dir='ltr' id='par_1_1' title="bbox 487 1166 1098 1236">
     <span class='ocr_line' id='line_1_1' title="bbox 487 1166 1098 1236; baseline 0 -2"><span class='ocrx_word' id='word_1_1' title='bbox 487 1167 567 1234; x_wconf 74' lang='lat' dir='ltr'><strong>Dm</strong></span> <span class='ocrx_word' id='word_1_2' title='bbox 589 1166 843 1236; x_wconf 66' lang='lat' dir='ltr'><strong>RATIONE</strong></span> <span class='ocrx_word' id='word_1_3' title='bbox 864 1167 1098 1236; x_wconf 76' lang='lat' dir='ltr'><strong>EDENDI.</strong></span> 
     </span>
    </p>
   </div>
   <div class='ocr_carea' id='block_1_2' title="bbox 214 1415 1444 3819">
    <p class='ocr_par' dir='ltr' id='par_1_2' title="bbox 214 1415 1444 3819">
     <span class='ocr_line' id='line_1_2' title="bbox 275 1415 1350 1505; baseline -0.001 -20"><span class='ocrx_word' id='word_1_4' title='bbox 275 1417 486 1505; x_wconf 75' lang='lat' dir='ltr'><strong>Quamquam</strong></span> <span class='ocrx_word' id='word_1_5' title='bbox 500 1419 537 1482; x_wconf 92' lang='lat' dir='ltr'><strong>in</strong></span> <span class='ocrx_word' id='word_1_6' title='bbox 553 1417 712 1496; x_wconf 75' lang='lat' dir='ltr'><strong>distichis,</strong></span> <span class='ocrx_word' id='word_1_7' title='bbox 739 1429 812 1503; x_wconf 80' lang='lat' dir='ltr'><strong>quae</strong></span> <span class='ocrx_word' id='word_1_8' title='bbox 830 1421 1001 1495; x_wconf 88' lang='lat' dir='ltr'><strong>vocantur,</strong></span> <span class='ocrx_word' id='word_1_9' title='bbox 1027 1415 1220 1483; x_wconf 80' lang='lat' dir='ltr'><strong>Catonianis</strong></span> <span class='ocrx_word' id='word_1_10' title='bbox 1240 1419 1350 1485; x_wconf 90' lang='lat' dir='ltr'><strong>medio</strong></span> 
     </span>
     <span class='ocr_line' id='line_1_3' title="bbox 229 1527 1350 1620; baseline 0 -20"><span class='ocrx_word' id='word_1_11' title='bbox 229 1533 298 1601; x_wconf 78' lang='lat' dir='ltr'><strong>&#39;acvb</strong></span> <span class='ocrx_word' id='word_1_12' title='bbox 323 1533 574 1620; x_wconf 85' lang='lat' dir='ltr'><strong>diligentissime</strong></span> <span class='ocrx_word' id='word_1_13' title='bbox 598 1527 755 1599; x_wconf 81' lang='lat' dir='ltr'><strong>lectitatis</strong></span> <span class='ocrx_word' id='word_1_14' title='bbox 783 1551 886 1618; x_wconf 90' lang='lat' dir='ltr'><strong>eoque</strong></span> <span class='ocrx_word' id='word_1_15' title='bbox 913 1533 1019 1618; x_wconf 89' lang='lat' dir='ltr'><strong>magis</strong></span> <span class='ocrx_word' id='word_1_16' title='bbox 1045 1533 1233 1599; x_wconf 75' lang='lat' dir='ltr'><strong>incredibili</strong></span> <span class='ocrx_word' id='word_1_17' title='bbox 1255 1556 1350 1619; x_wconf 83' lang='lat' dir='ltr'><strong>paene</strong></span> 
     </span>
     <span class='ocr_line' id='line_1_4' title="bbox 229 1638 1444 1735; baseline 0 -19"><span class='ocrx_word' id='word_1_18' title='bbox 229 1650 443 1716; x_wconf 79' lang='lat' dir='ltr'><strong>librariorum</strong></span> <span class='ocrx_word' id='word_1_19' title='bbox 469 1649 678 1735; x_wconf 72' lang='lat' dir='ltr'><strong>neglegentia</strong></span> <span class='ocrx_word' id='word_1_20' title='bbox 705 1650 868 1734; x_wconf 86' lang='lat' dir='ltr'><strong>corruptis</strong></span> <span class='ocrx_word' id='word_1_21' title='bbox 884 1649 962 1714; x_wconf 90' lang='lat' dir='ltr'><strong>inde</strong></span> <span class='ocrx_word' id='word_1_22' title='bbox 986 1649 1028 1714; x_wconf 89' lang='lat' dir='ltr'><strong>ab</strong></span> <span class='ocrx_word' id='word_1_23' title='bbox 1053 1651 1149 1714; x_wconf 73' lang='lat' dir='ltr'><strong>atate</strong></span> <span class='ocrx_word' id='word_1_24' title='bbox 1174 1669 1349 1716; x_wconf 86' lang='lat' dir='ltr'><strong>renascen-</strong></span> <span class='ocrx_word' id='word_1_25' title='bbox 1443 1638 1444 1641; x_wconf 26' lang='lat'>¹</span> 
     </span>
     <span class='ocr_line' id='line_1_5' title="bbox 229 1763 1427 1856; baseline 0.002 -26"><span class='ocrx_word' id='word_1_26' title='bbox 229 1766 315 1831; x_wconf 90' lang='lat' dir='ltr'><strong>tium</strong></span> <span class='ocrx_word' id='word_1_27' title='bbox 344 1766 532 1831; x_wconf 87' lang='lat' dir='ltr'><strong>litterarum</strong></span> <span class='ocrx_word' id='word_1_28' title='bbox 557 1763 655 1832; x_wconf 91' lang='lat' dir='ltr'><strong>multi</strong></span> <span class='ocrx_word' id='word_1_29' title='bbox 679 1766 742 1831; x_wconf 86' lang='lat' dir='ltr'><strong>viri</strong></span> <span class='ocrx_word' id='word_1_30' title='bbox 770 1765 858 1832; x_wconf 87' lang='lat' dir='ltr'><strong>docti</strong></span> <span class='ocrx_word' id='word_1_31' title='bbox 882 1785 1018 1850; x_wconf 86' lang='lat' dir='ltr'><strong>operam</strong></span> <span class='ocrx_word' id='word_1_32' title='bbox 1042 1766 1257 1844; x_wconf 88' lang='lat' dir='ltr'><strong>collocarunt,</strong></span> <span class='ocrx_word' id='word_1_33' title='bbox 1282 1786 1351 1832; x_wconf 90' lang='lat' dir='ltr'><strong>non</strong></span> <span class='ocrx_word' id='word_1_34' title='bbox 1420 1843 1427 1856; x_wconf 32' lang='grc' dir='ltr'>ι</span> 
     </span>
     <span class='ocr_line' id='line_1_6' title="bbox 229 1879 1351 1966; baseline 0 -20"><span class='ocrx_word' id='word_1_35' title='bbox 229 1882 296 1947; x_wconf 90' lang='lat' dir='ltr'><strong>niei</strong></span> <span class='ocrx_word' id='word_1_36' title='bbox 321 1882 549 1948; x_wconf 86' lang='lat' dir='ltr'><strong>recentissimo</strong></span> <span class='ocrx_word' id='word_1_37' title='bbox 576 1884 734 1966; x_wconf 85' lang='lat' dir='ltr'><strong>tempore,</strong></span> <span class='ocrx_word' id='word_1_38' title='bbox 762 1882 818 1966; x_wconf 92' lang='lat' dir='ltr'><strong>qui</strong></span> <span class='ocrx_word' id='word_1_39' title='bbox 841 1879 955 1966; x_wconf 85' lang='lat' dir='ltr'><strong>plures</strong></span> <span class='ocrx_word' id='word_1_40' title='bbox 979 1879 1081 1946; x_wconf 76' lang='lat' dir='ltr'><strong>libros</strong></span> <span class='ocrx_word' id='word_1_41' title='bbox 1105 1882 1351 1966; x_wconf 86' lang='lat' dir='ltr'><strong>manuscriptos</strong></span> 
     </span>
     <span class='ocr_line' id='line_1_7' title="bbox 230 1996 1350 2083; baseline 0 -21"><span class='ocrx_word' id='word_1_42' title='bbox 230 1997 359 2063; x_wconf 90' lang='lat' dir='ltr'><strong>adirent</strong></span> <span class='ocrx_word' id='word_1_43' title='bbox 374 2000 473 2083; x_wconf 89' lang='lat' dir='ltr'><strong>atque</strong></span> <span class='ocrx_word' id='word_1_44' title='bbox 488 1999 550 2063; x_wconf 86' lang='lat' dir='ltr'><strong>hoe</strong></span> <span class='ocrx_word' id='word_1_45' title='bbox 565 1998 747 2062; x_wconf 85' lang='lat' dir='ltr'><strong>versiculos</strong></span> <span class='ocrx_word' id='word_1_46' title='bbox 772 1996 814 2060; x_wconf 91' lang='lat' dir='ltr'><strong>ad</strong></span> <span class='ocrx_word' id='word_1_47' title='bbox 839 1996 1004 2061; x_wconf 86' lang='lat' dir='ltr'><strong>severiora</strong></span> <span class='ocrx_word' id='word_1_48' title='bbox 1028 1997 1109 2060; x_wconf 88' lang='lat' dir='ltr'><strong>artis</strong></span> <span class='ocrx_word' id='word_1_49' title='bbox 1133 1997 1253 2063; x_wconf 75' lang='lat' dir='ltr'><strong>critica</strong></span> <span class='ocrx_word' id='word_1_50' title='bbox 1268 2017 1350 2082; x_wconf 87' lang='lat' dir='ltr'><strong>prce-</strong></span> 
     </span>
     <span class='ocr_line' id='line_1_8' title="bbox 230 2109 1350 2197; baseline -0.001 -19"><span class='ocrx_word' id='word_1_51' title='bbox 230 2116 325 2197; x_wconf 90' lang='lat' dir='ltr'><strong>cepta</strong></span> <span class='ocrx_word' id='word_1_52' title='bbox 340 2113 533 2178; x_wconf 87' lang='lat' dir='ltr'><strong>revocantes</strong></span> <span class='ocrx_word' id='word_1_53' title='bbox 551 2112 720 2196; x_wconf 86' lang='lat' dir='ltr'><strong>scriptoris</strong></span> <span class='ocrx_word' id='word_1_54' title='bbox 736 2109 842 2176; x_wconf 87' lang='lat' dir='ltr'><strong>nostri</strong></span> <span class='ocrx_word' id='word_1_55' title='bbox 857 2112 997 2177; x_wconf 86' lang='lat' dir='ltr'><strong>vulnera</strong></span> <span class='ocrx_word' id='word_1_56' title='bbox 1022 2109 1261 2178; x_wconf 84' lang='lat' dir='ltr'><strong>efficacioribus</strong></span> <span class='ocrx_word' id='word_1_57' title='bbox 1277 2116 1350 2177; x_wconf 86' lang='lat' dir='ltr'><strong>tan-</strong></span> 
     </span>
     <span class='ocr_line' id='line_1_9' title="bbox 230 2227 1351 2312; baseline 0.001 -20"><span class='ocrx_word' id='word_1_58' title='bbox 230 2229 307 2293; x_wconf 89' lang='lat' dir='ltr'><strong>dem</strong></span> <span class='ocrx_word' id='word_1_59' title='bbox 333 2227 513 2312; x_wconf 87' lang='lat' dir='ltr'><strong>aliquando</strong></span> <span class='ocrx_word' id='word_1_60' title='bbox 544 2227 683 2292; x_wconf 87' lang='lat' dir='ltr'><strong>medelis</strong></span> <span class='ocrx_word' id='word_1_61' title='bbox 715 2245 834 2292; x_wconf 85' lang='lat' dir='ltr'><strong>sanare</strong></span> <span class='ocrx_word' id='word_1_62' title='bbox 866 2229 1075 2306; x_wconf 72' lang='lat' dir='ltr'><strong>conarentur,</strong></span> <span class='ocrx_word' id='word_1_63' title='bbox 1106 2229 1236 2293; x_wconf 87' lang='lat' dir='ltr'><strong>inventi</strong></span> <span class='ocrx_word' id='word_1_64' title='bbox 1263 2231 1351 2293; x_wconf 88' lang='lat' dir='ltr'><strong>eunt.</strong></span> 
     </span>
     <span class='ocr_line' id='line_1_10' title="bbox 230 2338 1392 2428; baseline -0.001 -19"><span class='ocrx_word' id='word_1_65' title='bbox 230 2345 374 2409; x_wconf 80' lang='lat' dir='ltr'><strong>Tantum</strong></span> <span class='ocrx_word' id='word_1_66' title='bbox 391 2343 481 2408; x_wconf 91' lang='lat' dir='ltr'><strong>enim</strong></span> <span class='ocrx_word' id='word_1_67' title='bbox 497 2344 599 2422; x_wconf 88' lang='lat' dir='ltr'><strong>abest,</strong></span> <span class='ocrx_word' id='word_1_68' title='bbox 617 2346 655 2409; x_wconf 87' lang='lat' dir='ltr'><strong>ut</strong></span> <span class='ocrx_word' id='word_1_69' title='bbox 669 2343 954 2428; x_wconf 81' lang='lat' dir='ltr'><strong>praestantissimis</strong></span> <span class='ocrx_word' id='word_1_70' title='bbox 971 2345 1051 2409; x_wconf 90' lang='lat' dir='ltr'><strong>olim</strong></span> <span class='ocrx_word' id='word_1_71' title='bbox 1068 2342 1203 2410; x_wconf 83' lang='lat' dir='ltr'><strong>Catonis</strong></span> <span class='ocrx_word' id='word_1_72' title='bbox 1219 2345 1350 2410; x_wconf 87' lang='lat' dir='ltr'><strong>editori·</strong></span> <span class='ocrx_word' id='word_1_73' title='bbox 1391 2338 1392 2342; x_wconf 64' lang='grc'>’</span> 
     </span>
     <span class='ocr_line' id='line_1_11' title="bbox 229 2457 1352 2547; baseline -0.002 -21"><span class='ocrx_word' id='word_1_74' title='bbox 229 2461 301 2539; x_wconf 91' lang='lat' dir='ltr'><strong>bue,</strong></span> <span class='ocrx_word' id='word_1_75' title='bbox 321 2457 468 2539; x_wconf 62' lang='lat' dir='ltr'><strong>bresma,</strong></span> <span class='ocrx_word' id='word_1_76' title='bbox 487 2459 662 2545; x_wconf 76' lang='lat' dir='ltr'><strong>Scaligero,</strong></span> <span class='ocrx_word' id='word_1_77' title='bbox 681 2457 843 2526; x_wconf 77' lang='lat' dir='ltr'><strong>Scriverio</strong></span> <span class='ocrx_word' id='word_1_78' title='bbox 860 2462 892 2526; x_wconf 86' lang='lat' dir='ltr'><strong>et</strong></span> <span class='ocrx_word' id='word_1_79' title='bbox 907 2461 1098 2538; x_wconf 83' lang='lat' dir='ltr'><strong>Arntzenio,</strong></span> <span class='ocrx_word' id='word_1_80' title='bbox 1113 2462 1178 2546; x_wconf 90' lang='lat' dir='ltr'><strong>qui,</strong></span> <span class='ocrx_word' id='word_1_81' title='bbox 1193 2459 1352 2547; x_wconf 88' lang='lat' dir='ltr'><strong>quidquid</strong></span> 
     </span>
     <span class='ocr_line' id='line_1_12' title="bbox 214 2574 1350 2661; baseline 0 -20"><span class='ocrx_word' id='word_1_82' title='bbox 214 2574 356 2661; x_wconf 66' lang='lat' dir='ltr'><strong>&#39;ingenii</strong></span> <span class='ocrx_word' id='word_1_83' title='bbox 371 2577 524 2642; x_wconf 88' lang='lat' dir='ltr'><strong>acumine</strong></span> <span class='ocrx_word' id='word_1_84' title='bbox 541 2577 613 2641; x_wconf 89' lang='lat' dir='ltr'><strong>sine</strong></span> <span class='ocrx_word' id='word_1_85' title='bbox 630 2575 810 2642; x_wconf 87' lang='lat' dir='ltr'><strong>sufficienti</strong></span> <span class='ocrx_word' id='word_1_86' title='bbox 834 2577 985 2642; x_wconf 89' lang='lat' dir='ltr'><strong>codicum</strong></span> <span class='ocrx_word' id='word_1_87' title='bbox 1010 2577 1157 2642; x_wconf 87' lang='lat' dir='ltr'><strong>subsidio</strong></span> <span class='ocrx_word' id='word_1_88' title='bbox 1174 2577 1245 2642; x_wconf 88' lang='lat' dir='ltr'><strong>erui</strong></span> <span class='ocrx_word' id='word_1_89' title='bbox 1259 2580 1350 2661; x_wconf 87' lang='lat' dir='ltr'><strong>pote·</strong></span> 
     </span>
     <span class='ocr_line' id='line_1_13' title="bbox 229 2693 1350 2776; baseline 0 -20"><span class='ocrx_word' id='word_1_90' title='bbox 229 2695 290 2771; x_wconf 89' lang='lat' dir='ltr'><strong>rat,</strong></span> <span class='ocrx_word' id='word_1_91' title='bbox 308 2695 395 2758; x_wconf 90' lang='lat' dir='ltr'><strong>certe</strong></span> <span class='ocrx_word' id='word_1_92' title='bbox 423 2695 591 2770; x_wconf 89' lang='lat' dir='ltr'><strong>eruerunt,</strong></span> <span class='ocrx_word' id='word_1_93' title='bbox 616 2693 799 2776; x_wconf 83' lang='lat' dir='ltr'><strong>genuinam</strong></span> <span class='ocrx_word' id='word_1_94' title='bbox 825 2693 1067 2758; x_wconf 86' lang='lat' dir='ltr'><strong>sententiarum</strong></span> <span class='ocrx_word' id='word_1_95' title='bbox 1091 2695 1233 2757; x_wconf 89' lang='lat' dir='ltr'><strong>iormam</strong></span> <span class='ocrx_word' id='word_1_96' title='bbox 1257 2694 1350 2758; x_wconf 88' lang='lat' dir='ltr'><strong>raeti·</strong></span> 
     </span>
     <span class='ocr_line' id='line_1_14' title="bbox 228 2806 1351 2894; baseline 0.001 -22"><span class='ocrx_word' id='word_1_97' title='bbox 228 2809 322 2872; x_wconf 87' lang='lat' dir='ltr'><strong>tuere</strong></span> <span class='ocrx_word' id='word_1_98' title='bbox 347 2808 530 2892; x_wconf 89' lang='lat' dir='ltr'><strong>contigerit,</strong></span> <span class='ocrx_word' id='word_1_99' title='bbox 558 2809 596 2872; x_wconf 91' lang='lat' dir='ltr'><strong>nt</strong></span> <span class='ocrx_word' id='word_1_100' title='bbox 623 2828 666 2872; x_wconf 91' lang='lat' dir='ltr'><strong>ne</strong></span> <span class='ocrx_word' id='word_1_101' title='bbox 695 2806 871 2874; x_wconf 66' lang='grc' dir='ltr'><strong>Ηααίὶιιιῑ1</strong></span> <span class='ocrx_word' id='word_1_102' title='bbox 899 2809 1043 2894; x_wconf 88' lang='lat' dir='ltr'><strong>quidem,</strong></span> <span class='ocrx_word' id='word_1_103' title='bbox 1069 2829 1145 2874; x_wconf 89' lang='lat' dir='ltr'><strong>cnm</strong></span> <span class='ocrx_word' id='word_1_104' title='bbox 1175 2809 1351 2874; x_wconf 84' lang='lat' dir='ltr'><strong>varietates</strong></span> 
     </span>
     <span class='ocr_line' id='line_1_15' title="bbox 229 2922 1350 3008; baseline 0.001 -20"><span class='ocrx_word' id='word_1_105' title='bbox 229 2923 469 3008; x_wconf 87' lang='lat' dir='ltr'><strong>scripturarum</strong></span> <span class='ocrx_word' id='word_1_106' title='bbox 485 2942 503 2988; x_wconf 91' lang='lat' dir='ltr'><strong>e</strong></span> <span class='ocrx_word' id='word_1_107' title='bbox 518 2939 641 3007; x_wconf 88' lang='lat' dir='ltr'><strong>magna</strong></span> <span class='ocrx_word' id='word_1_108' title='bbox 657 2922 819 2988; x_wconf 86' lang='lat' dir='ltr'><strong>librorum</strong></span> <span class='ocrx_word' id='word_1_109' title='bbox 843 2924 939 3008; x_wconf 88' lang='lat' dir='ltr'><strong>copia</strong></span> <span class='ocrx_word' id='word_1_110' title='bbox 959 2924 1186 2990; x_wconf 83' lang='lat' dir='ltr'><strong>sollertissime</strong></span> <span class='ocrx_word' id='word_1_111' title='bbox 1203 2925 1350 3008; x_wconf 84' lang='lat' dir='ltr'><strong>collegia·</strong></span> 
     </span>
     <span class='ocr_line' id='line_1_16' title="bbox 229 3039 1350 3126; baseline 0.004 -23"><span class='ocrx_word' id='word_1_112' title='bbox 229 3042 289 3114; x_wconf 89' lang='lat' dir='ltr'><strong>set,</strong></span> <span class='ocrx_word' id='word_1_113' title='bbox 305 3057 421 3124; x_wconf 87' lang='lat' dir='ltr'><strong>parem</strong></span> <span class='ocrx_word' id='word_1_114' title='bbox 437 3058 471 3104; x_wconf 89' lang='lat' dir='ltr'><strong>se</strong></span> <span class='ocrx_word' id='word_1_115' title='bbox 483 3039 662 3122; x_wconf 81' lang='lat' dir='ltr'><strong>praebuerit</strong></span> <span class='ocrx_word' id='word_1_116' title='bbox 673 3039 847 3124; x_wconf 91' lang='lat' dir='ltr'><strong>purgando</strong></span> <span class='ocrx_word' id='word_1_117' title='bbox 859 3041 937 3107; x_wconf 91' lang='lat' dir='ltr'><strong>huic</strong></span> <span class='ocrx_word' id='word_1_118' title='bbox 949 3041 1062 3124; x_wconf 81' lang='lat' dir='ltr'><strong>Augiae</strong></span> <span class='ocrx_word' id='word_1_119' title='bbox 1075 3039 1215 3119; x_wconf 85' lang='lat' dir='ltr'><strong>stabulo,</strong></span> <span class='ocrx_word' id='word_1_120' title='bbox 1230 3042 1350 3126; x_wconf 89' lang='lat' dir='ltr'><strong>quippe</strong></span> 
     </span>
     <span class='ocr_line' id='line_1_17' title="bbox 231 3152 1352 3241; baseline 0.004 -25"><span class='ocrx_word' id='word_1_121' title='bbox 231 3152 288 3237; x_wconf 91' lang='lat' dir='ltr'><strong>qui</strong></span> <span class='ocrx_word' id='word_1_122' title='bbox 303 3172 411 3237; x_wconf 91' lang='lat' dir='ltr'><strong>neque</strong></span> <span class='ocrx_word' id='word_1_123' title='bbox 427 3157 555 3223; x_wconf 83' lang='lat' dir='ltr'><strong>codices</strong></span> <span class='ocrx_word' id='word_1_124' title='bbox 570 3155 608 3221; x_wconf 94' lang='lat' dir='ltr'><strong>in</strong></span> <span class='ocrx_word' id='word_1_125' title='bbox 619 3156 764 3222; x_wconf 85' lang='lat' dir='ltr'><strong>familias</strong></span> <span class='ocrx_word' id='word_1_126' title='bbox 775 3155 983 3235; x_wconf 84' lang='lat' dir='ltr'><strong>distribuere,</strong></span> <span class='ocrx_word' id='word_1_127' title='bbox 996 3176 1115 3241; x_wconf 89' lang='lat' dir='ltr'><strong>neque,</strong></span> <span class='ocrx_word' id='word_1_128' title='bbox 1130 3157 1254 3240; x_wconf 87' lang='lat' dir='ltr'><strong>quanta</strong></span> <span class='ocrx_word' id='word_1_129' title='bbox 1266 3159 1352 3221; x_wconf 83' lang='lat' dir='ltr'><strong>esset</strong></span> 
     </span>
     <span class='ocr_line' id='line_1_18' title="bbox 228 3271 1350 3357; baseline -0.001 -19"><span class='ocrx_word' id='word_1_130' title='bbox 228 3271 323 3338; x_wconf 85' lang='lat' dir='ltr'><strong>testie</strong></span> <span class='ocrx_word' id='word_1_131' title='bbox 339 3273 498 3357; x_wconf 87' lang='lat' dir='ltr'><strong>cuiusque</strong></span> <span class='ocrx_word' id='word_1_132' title='bbox 515 3272 705 3349; x_wconf 84' lang='lat' dir='ltr'><strong>auotoritas,</strong></span> <span class='ocrx_word' id='word_1_133' title='bbox 722 3292 761 3337; x_wconf 91' lang='lat' dir='ltr'><strong>ea</strong></span> <span class='ocrx_word' id='word_1_134' title='bbox 778 3292 843 3357; x_wconf 86' lang='lat' dir='ltr'><strong>qua</strong></span> <span class='ocrx_word' id='word_1_135' title='bbox 866 3291 927 3356; x_wconf 89' lang='lat' dir='ltr'><strong>par</strong></span> <span class='ocrx_word' id='word_1_136' title='bbox 954 3274 1024 3337; x_wconf 87' lang='lat' dir='ltr'><strong>erat</strong></span> <span class='ocrx_word' id='word_1_137' title='bbox 1049 3291 1129 3338; x_wconf 89' lang='lat' dir='ltr'><strong>cura</strong></span> <span class='ocrx_word' id='word_1_138' title='bbox 1153 3272 1350 3356; x_wconf 87' lang='lat' dir='ltr'><strong>investigare</strong></span> 
     </span>
     <span class='ocr_line' id='line_1_19' title="bbox 229 3387 1350 3470; baseline 0 -17"><span class='ocrx_word' id='word_1_139' title='bbox 229 3389 416 3453; x_wconf 88' lang='lat' dir='ltr'><strong>conaretur.</strong></span> <span class='ocrx_word' id='word_1_140' title='bbox 434 3387 530 3453; x_wconf 90' lang='lat' dir='ltr'><strong>Unde</strong></span> <span class='ocrx_word' id='word_1_141' title='bbox 546 3389 671 3453; x_wconf 86' lang='lat' dir='ltr'><strong>iactum</strong></span> <span class='ocrx_word' id='word_1_142' title='bbox 687 3390 746 3465; x_wconf 92' lang='lat' dir='ltr'><strong>est,</strong></span> <span class='ocrx_word' id='word_1_143' title='bbox 763 3391 885 3453; x_wconf 90' lang='lat' dir='ltr'><strong>utnon</strong></span> <span class='ocrx_word' id='word_1_144' title='bbox 902 3388 1010 3452; x_wconf 84' lang='lat' dir='ltr'><strong>solum</strong></span> <span class='ocrx_word' id='word_1_145' title='bbox 1035 3387 1181 3453; x_wconf 90' lang='lat' dir='ltr'><strong>codicem</strong></span> <span class='ocrx_word' id='word_1_146' title='bbox 1196 3387 1350 3470; x_wconf 79' lang='lat' dir='ltr'><strong>Turicen·</strong></span> 
     </span>
     <span class='ocr_line' id='line_1_20' title="bbox 229 3502 1351 3588; baseline -0.002 -21"><span class='ocrx_word' id='word_1_147' title='bbox 229 3522 300 3567; x_wconf 86' lang='lat' dir='ltr'><strong>sem</strong></span> <span class='ocrx_word' id='word_1_148' title='bbox 316 3503 515 3588; x_wconf 85' lang='lat' dir='ltr'><strong>antiquitate</strong></span> <span class='ocrx_word' id='word_1_149' title='bbox 530 3503 604 3588; x_wconf 86' lang='lat' dir='ltr'><strong>ipsa</strong></span> <span class='ocrx_word' id='word_1_150' title='bbox 628 3504 899 3570; x_wconf 88' lang='lat' dir='ltr'><strong>commendatum</strong></span> <span class='ocrx_word' id='word_1_151' title='bbox 926 3503 1063 3569; x_wconf 89' lang='lat' dir='ltr'><strong>omnino</strong></span> <span class='ocrx_word' id='word_1_152' title='bbox 1079 3502 1276 3586; x_wconf 82' lang='lat' dir='ltr'><strong>neglegeret,</strong></span> <span class='ocrx_word' id='word_1_153' title='bbox 1293 3502 1351 3566; x_wconf 85' lang='lat' dir='ltr'><strong>sed</strong></span> 
     </span>
     <span class='ocr_line' id='line_1_21' title="bbox 227 3617 1350 3702; baseline 0 -21"><span class='ocrx_word' id='word_1_154' title='bbox 227 3617 599 3702; x_wconf 86' lang='lat' dir='ltr'><strong>plurimoeetiamlocoe</strong></span> <span class='ocrx_word' id='word_1_155' title='bbox 609 3621 787 3685; x_wconf 80' lang='lat' dir='ltr'><strong>manifesto</strong></span> <span class='ocrx_word' id='word_1_156' title='bbox 799 3619 977 3685; x_wconf 81' lang='lat' dir='ltr'><strong>mendosos</strong></span> <span class='ocrx_word' id='word_1_157' title='bbox 989 3617 1131 3683; x_wconf 85' lang='lat' dir='ltr'><strong>intactos</strong></span> <span class='ocrx_word' id='word_1_158' title='bbox 1140 3617 1350 3701; x_wconf 88' lang='lat' dir='ltr'><strong>relinqueret,</strong></span> 
     </span>
     <span class='ocr_line' id='line_1_22' title="bbox 227 3731 1351 3819; baseline 0 -21"><span class='ocrx_word' id='word_1_159' title='bbox 227 3733 414 3818; x_wconf 76' lang='lat' dir='ltr'><strong>prasertim</strong></span> <span class='ocrx_word' id='word_1_160' title='bbox 429 3755 506 3800; x_wconf 93' lang='lat' dir='ltr'><strong>cum</strong></span> <span class='ocrx_word' id='word_1_161' title='bbox 522 3734 586 3800; x_wconf 88' lang='lat' dir='ltr'><strong>eibi</strong></span> <span class='ocrx_word' id='word_1_162' title='bbox 601 3757 670 3802; x_wconf 92' lang='lat' dir='ltr'><strong>non</strong></span> <span class='ocrx_word' id='word_1_163' title='bbox 687 3734 735 3799; x_wconf 88' lang='lat' dir='ltr'><strong>ita</strong></span> <span class='ocrx_word' id='word_1_164' title='bbox 761 3735 955 3819; x_wconf 84' lang='lat' dir='ltr'><strong>corruptum</strong></span> <span class='ocrx_word' id='word_1_165' title='bbox 978 3731 1020 3798; x_wconf 91' lang='lat' dir='ltr'><strong>ad</strong></span> <span class='ocrx_word' id='word_1_166' title='bbox 1045 3734 1195 3798; x_wconf 88' lang='lat' dir='ltr'><strong>nostram</strong></span> <span class='ocrx_word' id='word_1_167' title='bbox 1220 3735 1351 3798; x_wconf 86' lang='lat' dir='ltr'><strong>aetatcm</strong></span> 
     </span>
    </p>
   </div>
   <div class='ocr_carea' id='block_1_3' title="bbox 227 4011 1353 4182">
    <p class='ocr_par' dir='ltr' id='par_1_3' title="bbox 227 4011 1353 4182">
     <span class='ocr_line' id='line_1_23' title="bbox 273 4011 1353 4086; baseline -0.001 -17"><span class='ocrx_word' id='word_1_168' title='bbox 273 4012 418 4070; x_wconf 85' lang='lat' dir='ltr'><strong>²Gatonls</strong></span> <span class='ocrx_word' id='word_1_169' title='bbox 447 4013 613 4086; x_wconf 75' lang='lat' dir='ltr'><strong>philosophi</strong></span> <span class='ocrx_word' id='word_1_170' title='bbox 648 4011 728 4082; x_wconf 90' lang='lat' dir='ltr'><strong>liber,</strong></span> <span class='ocrx_word' id='word_1_171' title='bbox 758 4019 823 4086; x_wconf 89' lang='lat' dir='ltr'><strong>post</strong></span> <span class='ocrx_word' id='word_1_172' title='bbox 848 4016 905 4070; x_wconf 86' lang='lat' dir='ltr'><strong>Ios.</strong></span> <span class='ocrx_word' id='word_1_173' title='bbox 935 4015 1110 4086; x_wconf 71' lang='lat' dir='ltr'><strong>scaligerum</strong></span> <span class='ocrx_word' id='word_1_174' title='bbox 1141 4015 1225 4084; x_wconf 81' lang='lat' dir='ltr'><strong>vulgo</strong></span> <span class='ocrx_word' id='word_1_175' title='bbox 1261 4015 1353 4069; x_wconf 88' lang='lat' dir='ltr'><strong>dictus</strong></span> 
     </span>
     <span class='ocr_line' id='line_1_24' title="bbox 227 4110 1255 4182; baseline 0.001 -18"><span class='ocrx_word' id='word_1_176' title='bbox 227 4110 360 4182; x_wconf 85' lang='lat' dir='ltr'><strong>Dionysii</strong></span> <span class='ocrx_word' id='word_1_177' title='bbox 378 4113 493 4168; x_wconf 81' lang='lat' dir='ltr'><strong>Catonis</strong></span> <span class='ocrx_word' id='word_1_178' title='bbox 511 4113 633 4168; x_wconf 85' lang='lat' dir='ltr'><strong>disticha</strong></span> <span class='ocrx_word' id='word_1_179' title='bbox 652 4113 687 4168; x_wconf 89' lang='lat' dir='ltr'><strong>de</strong></span> <span class='ocrx_word' id='word_1_180' title='bbox 706 4113 833 4169; x_wconf 84' lang='lat' dir='ltr'><strong>moribus</strong></span> <span class='ocrx_word' id='word_1_181' title='bbox 851 4113 887 4168; x_wconf 87' lang='lat' dir='ltr'><strong>ad</strong></span> <span class='ocrx_word' id='word_1_182' title='bbox 905 4112 1008 4168; x_wconf 88' lang='lat' dir='ltr'><strong>filium.</strong></span> <span class='ocrx_word' id='word_1_183' title='bbox 1028 4112 1156 4168; x_wconf 89' lang='lat' dir='ltr'><strong>Berolini</strong></span> <span class='ocrx_word' id='word_1_184' title='bbox 1180 4113 1255 4168; x_wconf 86' lang='lat'>1869.</span> 
     </span>
    </p>
   </div>
   <div class='ocr_carea' id='block_1_4' title="bbox 0 0 1616 4942">
    <p class='ocr_par' dir='ltr' id='par_1_4' title="bbox 0 0 1616 4942">
     <span class='ocr_line' id='line_1_25' title="bbox 0 0 1616 4942; baseline 0 0"><span class='ocrx_word' id='word_1_185' title='bbox 0 0 1616 4942; x_wconf 95' lang='lat' dir='ltr'><strong> </strong></span> 
     </span>
    </p>
   </div>
  </div>
 </body>
</html>
