3224 4942
812 983 842 1046 1.

310 1112 346 1180 Si
361 1118 465 1198 potes,
481 1115 604 1200 ignotis
615 1115 722 1179 etiem
737 1115 893 1199 prodesse
909 1119 1077 1182 memento
1090 1138 1099 1194 ;

311 1229 435 1295 Uedius
450 1250 552 1330 regno
569 1233 627 1307 est,
644 1231 772 1296 meritis
788 1231 961 1316 adquirere
977 1233 1113 1299 aminoe-
1236 1285 1240 1290 .

761 1387 857 1560 A

310 1573 364 1638 An
380 1572 415 1636 di
430 1573 498 1638 sini
513 1574 695 1659 eaelumque
712 1580 837 1660 regent,
854 1597 896 1641 ne
914 1599 1022 1662 quaere
1038 1579 1168 1644 doceri:

312 1684 396 1752 Cum
412 1688 457 1753 sie
473 1689 632 1766 mordelie,
651 1712 723 1774 quae
739 1694 818 1755 eunt
833 1692 996 1769 mortalia,
1015 1713 1104 1758 eure.

811 1906 842 1970 3.

307 2036 441 2121 Linque
457 2040 584 2102 metum
599 2038 658 2102 leti
667 2059 676 2115 ;
692 2058 772 2103 nem
789 2040 929 2104 stultum
945 2042 994 2104 esi
1009 2043 1157 2124 tempore
1173 2041 1210 2105 in
1226 2042 1328 2119 omni,

311 2150 401 2217 Dum
416 2155 558 2217 mortem
573 2156 713 2232 metues,
731 2157 884 2220 amittere
899 2156 1020 2240 gaudie
1036 2157 1121 2221 vitae.

811 2369 843 2434 4.

312 2499 422 2566 Iratus
436 2502 477 2566 de
493 2523 528 2567 re
544 2502 670 2568 ineerta
686 2501 884 2569 contendere
900 2503 991 2567 noli:

312 2615 456 2701 Impedit
471 2617 521 2682 ire
537 2619 697 2695 animum,
714 2639 757 2683 ne
772 2619 877 2702 possit
893 2638 1027 2683 eernere
1043 2639 1169 2683 verum.

814 2834 844 2897 5.

313 2966 380 3032 Fae
396 2969 567 3050 sumptum
581 2986 730 3051 propere,
748 2987 825 3032 cum
840 2987 892 3031 res
908 2965 1073 3031 desideret
1089 2965 1170 3049 ipse,

313 3081 469 3147 Dandum
485 3083 609 3147 etenim
626 3086 675 3148 est
691 3083 826 3169 aliquid,
844 3082 924 3148 dum
939 3085 1071 3167 tempus
1086 3081 1232 3166 postulat
1248 3082 1387 3145 autres.

814 3297 845 3359 6.

314 3427 411 3508 Quod
426 3430 569 3495 nimium
585 3432 644 3507 eei,
661 3429 775 3513 fugite,
792 3448 894 3512 pervo
909 3428 1052 3512 gaudere
1068 3429 1236 3492 memento
1249 3451 1256 3491 :

313 3547 398 3612 Tute
413 3566 508 3631 mage
524 3548 574 3610 est
588 3545 719 3630 puppis,
736 3543 866 3611 modico
883 3564 954 3628 quae
970 3543 1108 3608 flumine
1124 3545 1238 3609 fertur.

816 3760 846 3824 7.

360 3891 456 3971 Quod
471 3893 603 3978 pudeat,
621 3892 727 3957 socios
742 3891 888 3976 prudens
905 3891 1010 3956 celere
1027 3894 1204 3967 memento,

359 4011 407 4074 Ne
423 4011 536 4094 plures
552 4010 688 4093 culpent
704 4009 747 4086 id,
766 4007 853 4093 quod
867 4007 929 4072 tibi
945 4007 1098 4091 displicet
1113 4007 1183 4071 uni.
