3224 4942
289 393 332 460 62

289 590 389 655 etiam
404 587 588 657 ProverMa
615 587 751 657 Catonis
777 592 969 656 inscribitur
995 611 1102 676 neque
1130 591 1306 669 immerito,
1333 611 1410 656 cum

287 706 394 770 multa
410 704 579 771 contineat
594 705 789 772 Catoniana.
806 703 959 772 Ceterum
975 709 1098 785 confer,
1125 728 1197 791 qua
1222 706 1262 771 de
1287 707 1349 772 hae
1374 727 1409 770 re

286 821 444 908 Baehrens
459 822 642 888 rectissime
659 823 809 906 exposuit
824 823 861 887 in
877 822 1024 888 editione
1041 842 1102 889 sua
1116 845 1150 907 p.
1169 824 1229 887 ⁶211
1245 846 1253 888 z

337 938 520 1002 «Nimirum
536 958 613 1002 cum
628 940 768 1003 exeunte
785 939 904 1003 saeculo
921 937 1010 1003 vm.
1029 940 1077 1020 (ut
1093 959 1194 1023 supra
1209 938 1338 1020 monui)
1353 939 1409 1003 ad·

288 1053 425 1118 modum
436 1054 569 1119 turbata
585 1057 696 1119 essent
704 1054 855 1133 disticha,
872 1056 918 1119 ita
934 1053 1078 1139 quidem,
1088 1057 1127 1119 ut
1136 1070 1222 1138 saepe
1231 1074 1300 1119 uno
1312 1070 1410 1120 versu

287 1169 417 1255 privata
432 1170 621 1254 legerentur
644 1172 704 1235 aut
725 1189 841 1234 versus
865 1171 1067 1235 cohaerentes
1091 1169 1220 1235 discissi
1245 1171 1411 1235 exstarent

288 1284 373 1365 (vide
389 1283 488 1349 modo
503 1285 580 1349 libri
604 1284 805 1351 Veronensis
830 1288 954 1351 statum
979 1285 1294 1370 condicionemque),
1322 1285 1411 1351 idem

288 1403 326 1466 ut
340 1403 422 1485 puto
445 1400 496 1468 vir
520 1400 645 1479 doctus,
673 1401 729 1486 qui
753 1403 924 1486 vulgarem
939 1401 1157 1466 distichorum
1181 1401 1411 1466 collectionem

289 1517 444 1595 instituit,
465 1517 630 1601 discerpta
653 1518 712 1583 illa
727 1518 878 1582 membra
901 1518 948 1588 in,
961 1518 1103 1582 alteram
1126 1518 1411 1582 monostichorum

290 1633 438 1716 syllogen
454 1633 642 1709 coniunxit;
659 1635 695 1698 in
712 1654 777 1719 qua
794 1633 881 1717 quod
896 1633 946 1698 bis
962 1635 1051 1697 terve
1076 1634 1205 1717 integra
1220 1633 1361 1704 disticha
1377 1653 1411 1699 so

288 1747 439 1832 posuisse
462 1769 532 1813 non
555 1747 717 1812 intellexit
733 1749 798 1826 ille,
828 1749 960 1814 facilem
976 1751 1009 1812 et
1025 1748 1278 1833 explicationem
1301 1751 1335 1813 et
1359 1769 1410 1813 ex-

267 1949 269 1954 ,
290 1865 496 1929 cusationem
512 1864 621 1930 habet.
637 1864 689 1929 Ita
704 1867 817 1929 autem
831 1867 918 1930 recte
934 1885 988 1930 me
1005 1867 1149 1930 statuere
1177 1864 1306 1929 duobus
1321 1867 1413 1949 patet
1439 1843 1444 1854 ⁸

269 1983 273 1990 '
289 1982 512 2065 argumentis3
530 2000 610 2046 nam
626 1983 657 2046 et
673 1981 861 2046 Turicensis
887 1981 971 2045 liber
986 1981 1022 2045 in
1037 1982 1159 2065 pannis
1184 1981 1252 2045 illis
1278 1980 1412 2045 insertis

290 2099 322 2162 et
339 2094 565 2163 columbanus
577 2097 709 2175 habent,
721 2118 792 2181 quae
809 2098 845 2162 in
860 2097 1077 2161 monostichis
1092 2097 1214 2161 nostris
1223 2097 1408 2180 leguntur.»

334 2211 466 2279 Scilicet
489 2213 655 2278 distichon
678 2212 771 2291 illud,
798 2212 886 2296 quod
909 2213 946 2276 in
969 2213 1040 2276 solo
1064 2212 1235 2277 Turicensi
1259 2211 1410 2296 legimus,

291 2329 432 2394 occurrit
447 2330 548 2394 etiam
563 2329 600 2393 in
616 2326 817 2394 Collectione
833 2350 881 2393 vs.
898 2329 951 2393 54.
968 2330 1029 2394 55:

446 2498 642 2565 Laetandum
659 2502 708 2564 est
722 2499 800 2577 vita,
817 2499 944 2564 nullius
959 2499 1064 2563 morte
1082 2495 1278 2574 dolendum;

448 2617 514 2684 Cur
529 2619 653 2683 etenim
669 2618 792 2696 doleas,
809 2638 829 2682 a
845 2638 910 2702 quo
925 2617 1020 2682 dolor
1035 2617 1105 2700 ipse
1120 2614 1266 2680 recessit.

336 2799 420 2864 Tum
434 2818 549 2863 versus
566 2797 733 2862 soliterius
749 2797 786 2861 in
802 2795 917 2861 eodem
932 2796 1159 2878 manuscripto
1174 2793 1277 2861 libro:

335 2914 451 2979 Dulcis
467 2913 558 2979 enim
571 2913 666 2977 labor
681 2914 731 2978 est
746 2933 823 2978 cum
837 2914 948 2978 fructu
963 2916 1047 2977 ferre
1062 2911 1221 2987 laborem,

380 3028 431 3094 bis
446 3027 610 3112 reperitur
624 3027 661 3092 in
677 3025 887 3106 Collectione,
903 3027 1050 3112 primum
1074 3027 1250 3091 immutata
1274 3025 1413 3109 paulum

292 3150 400 3212 forma
414 3167 462 3211 vs.
480 3146 540 3210 73:

338 3260 395 3328 Sat
411 3261 517 3327 dulcis
532 3260 626 3326 labor
642 3262 692 3325 est
707 3281 784 3326 cum
799 3261 909 3324 fructu
925 3261 1009 3323 ferro
1025 3258 1183 3334 laborem,

382 3377 500 3442 deinde
517 3397 594 3442 cum
608 3377 798 3440 hexametro
814 3373 1003 3459 aptissimo:

339 3490 434 3571 Quod
449 3495 556 3570 nocet,
573 3490 749 3569 interdum,
768 3492 796 3555 si
811 3489 954 3575 prodest,
972 3494 1056 3555 ferre
1072 3491 1251 3566 memento,

382 3612 418 3675 in
433 3631 541 3676 unum
556 3608 721 3674 distichon
737 3609 944 3673 coniunctus.
971 3605 1051 3685 Quae
1077 3627 1153 3672 cum
1178 3606 1225 3670 ita
1249 3604 1326 3680 sint,
1351 3623 1414 3667 noe

292 3746 427 3792 versum
441 3729 531 3792 hunc
551 3725 738 3791 solitarium
763 3721 897 3808 Cipollae
922 3744 998 3789 cum
1022 3724 1126 3788 altero
1151 3721 1187 3786 in
1212 3717 1412 3785 collectione

293 3846 433 3927 reperto,
451 3844 507 3928 qui
520 3863 596 3908 oum
606 3861 644 3906 eo
656 3839 838 3907 arctissime
849 3840 999 3917 cohaeret,
1015 3839 1052 3902 in
1068 3856 1175 3902 unum
1184 3835 1413 3920 conglutinare
1522 3921 1526 3930 ι

293 3979 363 4023 non
378 3958 613 4023 dubitavimus.

340 4073 435 4153 Quod
451 4073 494 4139 ad
509 4073 737 4140 condicionem
751 4093 866 4138 versus
882 4073 918 4136 in
934 4070 1151 4156 quaestionem
1167 4067 1276 4134 vocati
1300 4067 1337 4132 in
1361 4086 1418 4131 co·
