3224 4942
578 1092 965 1175 PRAEFATIO.

266 1422 376 1495 Anno
408 1417 696 1496 MDOOOXOH.
716 1419 757 1492 in
789 1421 985 1495 annalibus
1023 1417 1206 1516 gymnasii
1242 1418 1336 1516 regii

50 1589 52 1595 ·
213 1554 388 1630 catholici
404 1553 568 1651 regionis
586 1554 630 1628 V.
645 1552 976 1650 Budapestinensis
994 1552 1135 1650 publici
1153 1552 1245 1628 iuris
1264 1554 1335 1629 feci

216 1687 419 1762 editionem
438 1687 605 1762 criticam
624 1684 870 1762 distichorum
899 1683 1199 1777 0010110101011,
1222 1713 1335 1786 quam

214 1845 349 1898 omnes
366 1821 437 1896 viri
456 1822 566 1911 docti,
589 1821 653 1920 qui
673 1822 718 1896 de
738 1846 781 1896 ea
798 1822 840 1894 in
858 1821 1160 1919 ephemeridibus
1177 1823 1332 1921 Hunga-

213 1954 300 2031 ricis
328 1961 365 2033 et
393 1957 556 2054 externis
588 1955 826 2053 scripserrmt,
855 1954 1062 2052 praesertim
1092 1954 1132 2031 0.
1152 1957 1334 2052 Weyman
1457 1964 1463 1974 '

216 2090 531 2183 (Wochenschrift
562 2091 621 2162 fiir
652 2087 855 2163 klassische
891 2089 1108 2187 Philologie,
1147 2092 1261 2166 1891.
1294 2116 1331 2189 p.

217 2224 333 2315 1169)
365 2226 402 2295 01
432 2222 622 2297 Lucienus
653 2221 813 2296 Mueller
848 2222 1030 2316 (Berliner
1061 2223 1333 2320 philologische

9 2355 14 2376 '
114 2399 115 2404 =
212 2355 520 2468 Woehenschrilt,
549 2357 647 2430 1893
667 2380 704 2453 p.
729 2357 927 2449 11-17.),
948 2356 1057 2431 laude
1086 2361 1123 2431 et
1150 2359 1332 2454 approba·

212 2488 315 2563 tione
341 2489 530 2586 prosecuti
558 2495 657 2565 sunt.
689 2489 763 2566 Sed
791 2489 983 2565 communi
1010 2491 1203 2566 annalium
1222 2492 1331 2566 scho-

211 2621 427 2696 lasticorum
441 2623 518 2697 fato
537 2623 641 2698 brevi
660 2622 805 2713 accidit,
822 2628 865 2697 01
879 2622 1080 2700 divenditis
1093 2623 1232 2722 paucis,
1251 2648 1333 2722 quae

211 2755 421 2852 bibliopolae
439 2755 508 2831 Ph.
528 2755 730 2831 Wodianer
758 2757 1029 2846 commiseram,
1060 2758 1333 2855 exemplaribus

131 2867 139 2889 ³
211 2889 361 2965 libellus
387 2895 515 2964 noster
543 2890 600 2980 110,
622 2891 686 2989 qui
707 2890 840 2967 Oatoni
868 2913 1019 2989 operam
1038 2890 1125 2966 dare
1143 2892 1329 2982 volebant,

209 3047 397 3121 nusquam
423 3029 559 3121 praesto
593 3030 703 3100 00001.
733 3026 789 3100 Ne
816 3026 932 3123 igitur
962 3028 1088 3101 oleum
1115 3032 1153 3102 01
1180 3049 1333 3123 operam

208 3154 414 3254 perdidisse
440 3157 595 3246 viderer,
616 3158 870 3235 illustrissima
886 3160 1086 3236 Academia
1103 3161 1333 3236 Litterarum

210 3288 425 3385 Hungarica
445 3288 626 3367 (latonam
652 3292 790 3368 iterum
818 3318 841 3368 a
866 3318 926 3369 me
954 3294 1015 3370 edi
1040 3295 1160 3384 iussit,
1190 3296 1232 3368 in
1259 3319 1333 3393 qua

209 3423 326 3498 altera
345 3421 508 3498 editione
522 3423 562 3498 id
574 3426 737 3501 maxime
752 3427 821 3525 egi,
838 3433 881 3502 01
895 3433 1076 3527 apparatu
1089 3429 1216 3504 critico
1231 3453 1330 3504 erro-

208 3558 312 3633 ribus
329 3557 550 3657 mendisque
564 3566 722 3659 purgato
736 3566 861 3637 totum
881 3563 1102 3660 opusculum
1117 3563 1333 3660 castigatius

207 3689 446 3789 limatiusque
465 3693 507 3766 in
524 3694 718 3796 publicum
735 3695 912 3792 prodiret.

261 3823 408 3898 Dabam
417 3824 663 3922 Budapestini
676 3852 805 3904 mense
815 3831 839 3904 J
840 3831 994 3905 anuario
1005 3855 1037 3906 a.
1048 3830 1318 3908 MDOGOXOV
1321 3885 1330 3904 .

854 4008 983 4117 chzc
1005 4011 1193 4119 Ncmetby

710 4144 858 4195 Academia
874 4147 1033 4198 Litterarum
1049 4149 1208 4211 Hungarieoe
1225 4149 1332 4204 sodalis.
