3224 4942
271 389 312 454 10

267 605 367 650 usum
391 601 490 649 suum
515 585 662 650 converti
686 604 756 649 non
785 585 933 668 potuisse
964 585 1038 650 luce
1070 586 1191 651 alarius
1217 587 1269 665 sit,
1294 587 1389 652 nullo

267 698 365 765 modo
381 700 570 783 probamus,
587 701 767 766 maximam
791 700 956 765 cautelam
981 701 1155 784 quaestioni
1169 703 1240 766 tam
1255 703 1389 768 lubrieae

268 815 490 881 adhibendam
506 835 577 881 esse
592 817 767 900 putantes;
784 815 937 900 denique,
954 816 989 880 id
1014 817 1101 902 quod
1125 819 1234 883 cetera
1260 839 1389 904 quoque

267 931 459 996 huiusmodi
481 951 582 1015 opera
605 931 751 996 hominis
775 932 925 1016 alioquin
948 933 1113 1017 ingeniosi
1137 934 1322 1000 miserrime
1338 935 1388 1000 in·

269 1047 394 1133 quinat,
411 1046 593 1112 insatiabili
610 1045 753 1131 quodam
777 1065 864 1112 nova
888 1047 1092 1131 excogitandi
1115 1049 1246 1132 pruritu
1271 1039 1389 1114 duetus

268 1162 350 1228 adso
365 1163 550 1228 temerariis
566 1163 695 1226 vexavit
711 1163 909 1228 coniecturis
931 1165 993 1228 hos
1015 1184 1140 1243 versus,
1153 1167 1190 1228 ut
1213 1164 1279 1228 nisi
1302 1183 1389 1228 vana

269 1278 341 1343 eius
371 1279 559 1342 commenta
586 1278 792 1342 severissime
818 1279 1020 1362 castigentur
1054 1279 1152 1363 atque
1184 1279 1387 1358 reiieiantur,

267 1392 450 1459 verendum
475 1393 528 1468 sit,
553 1412 596 1456 ne
621 1394 773 1458 incautos
805 1393 973 1477 decipiens
1003 1393 1142 1459 lectores
1173 1394 1389 1478 interpolator

268 1510 374 1594 magis
391 1529 491 1595 quam
508 1510 701 1575 emendator
718 1509 854 1575 Catonis
871 1510 997 1576 evadat.

314 1623 442 1704 Quibus
457 1625 504 1690 ita
521 1627 676 1710 expositis
692 1627 784 1691 vides
800 1627 868 1690 iam
888 1627 1017 1690 nullam
1041 1626 1150 1692 adhuc
1166 1628 1202 1691 in
1217 1627 1390 1711 publicum

268 1739 429 1824 prodiisse
446 1740 635 1817 editionem,
654 1763 726 1826 quae
742 1743 835 1808 omni
858 1745 1005 1824 exparte
1031 1743 1127 1806 atate
1151 1745 1265 1807 nostra
1290 1742 1389 1827 digna

269 1855 334 1921 dici
357 1858 479 1940 posset.
511 1858 578 1922 Nos
608 1857 718 1942 igitur,
752 1857 910 1942 quoniam
933 1855 1061 1934 iisdem,
1089 1857 1208 1940 quibus
1227 1853 1389 1922 ¹Baehrens

269 1992 350 2036 usus
375 1976 433 2050 est,
467 1972 623 2038 subsidiis
654 1973 776 2039 rectius
791 1972 949 2037 adhibitis
972 1992 1044 2037 rem
1068 1973 1173 2037 multo
1197 1971 1389 2057 prosperius

196 2078 199 2087 ’
269 2107 438 2153 cessuram
462 2089 565 2153 fuisse
589 2109 787 2172 persuasum
811 2089 983 2164 habemus,
1010 2087 1210 2152 sententiam
1241 2090 1390 2152 nostram

269 2204 428 2287 exemplis
445 2204 704 2270 demonstraturi
729 2205 798 2270 haeo
815 2205 965 2289 quamvis
989 2221 1097 2288 pauca
1112 2206 1211 2289 atque
1227 2204 1314 2269 levia
1329 2222 1390 2287 pro
1464 2265 1471 2273 .

268 2317 358 2381 virili
372 2320 466 2402 parte
483 2317 525 2383 ad
541 2317 788 2383 emendandum
813 2317 973 2384 Catonem
998 2319 1147 2384 conferre
1173 2319 1324 2383 animum
1339 2319 1389 2383 in-

269 2432 435 2498 duximus.

313 2549 386 2614 Iam
402 2548 490 2633 quod
505 2548 548 2613 ad
562 2552 668 2614 totam
684 2548 802 2614 edendi
818 2550 982 2614 rationem
1007 2549 1134 2626 attinet,
1161 2549 1390 2614 Baehrensium

270 2665 440 2750 sequimur
456 2665 591 2731 ducem:
609 2665 764 2730 omnibus
781 2667 871 2730 enim
887 2665 1054 2731 codicibus
1073 2666 1298 2750 praeponimus
1314 2684 1389 2731 auo-

268 2782 438 2846 toritatem
453 2781 531 2845 libri
546 2781 765 2865 manuscripti
780 2780 992 2858 Veronensis,
1007 2801 1045 2845 ex
1057 2781 1162 2846 altera
1175 2784 1287 2846 autem
1303 2781 1389 2847 codi-

270 2920 346 2964 cum
362 2899 490 2963 familia
517 2899 672 2963 meliores
698 2902 855 2983 putamus
883 2899 1029 2984 quinque
1053 2898 1129 2963 11108
1154 2917 1173 2962 0
1199 2897 1390 2962 Baehrensio

270 3015 418 3079 selectos.
443 3012 622 3078 Feliciores
646 3017 761 3078 tamen
786 3033 911 3092 sumus,
938 3032 1038 3098 quam
1062 3013 1118 3078 ille
1143 3013 1216 3091 fuit,
1233 3013 1296 3078 hoc
1311 3033 1389 3090 uno,

270 3129 358 3214 quod
373 3131 424 3195 vir
440 3130 653 3196 doctissimus
677 3129 839 3214 nobisque
864 3129 1096 3205 amicissimus,
1122 3127 1285 3194 Rudolius
1301 3128 1389 3205 Vari,

270 3267 346 3312 oum
362 3265 451 3312 anno
481 3246 575 3312 1889.
600 3246 818 3311 bibliothecas
843 3245 947 3309 Italiae
971 3248 1244 3329 perscrutaretur,
1269 3244 1391 3309 librum

270 3361 497 3428 Veronensem
512 3363 548 3426 in
564 3365 717 3427 nostrum
737 3382 837 3425 usum
859 3361 1172 3425 benevolentissime
1188 3360 1297 3425 denuo
1314 3379 1389 3424 con·

268 3477 347 3541 tulit
363 3496 485 3561 easque
509 3476 759 3560 discrepantias,
786 3497 857 3561 quae
882 3475 971 3539 inter
995 3475 1188 3540 collationes
1205 3473 1391 3539 Schenkelii

270 3593 303 3657 01
320 3591 455 3677 Gipollae
481 3594 749 3670 interceseemnt,
774 3591 920 3656 maxima
944 3611 1020 3656 cum
1045 3611 1125 3656 eura
1149 3581 1314 3665 dissolvit,
1327 3610 1390 3674 quo

270 3710 471 3787 factumest,
488 3709 577 3774 utin
594 3707 740 3773 subsidio
764 3706 1031 3791 praestantissimi
1056 3704 1177 3771 codicis
1205 3703 1390 3771 abhibendo

270 3824 355 3888 nihil
372 3825 441 3888 iam
457 3824 616 3889 editorem
640 3823 826 3908 impediret.
852 3820 961 3901 Quare
986 3841 1047 3886 nos
1064 3824 1141 3886 ante
1157 3821 1270 3886 omnia
1285 3822 1391 3885 multo

271 3940 393 4024 saepius
409 3941 604 4024 faciliusque
625 3941 676 4004 uti
691 3940 862 4024 potuimus
885 3938 1083 4005 lectionibus
1099 3937 1176 4004 libri
1191 3936 1392 4002 Veronensis

270 4055 523 4138 pulcherrimis3
556 4076 595 4120 ea
620 4055 748 4134 deinde,
776 4076 842 4140 qua
864 4074 925 4139 par
950 4057 1030 4130 erat,
1059 4073 1139 4120 cura
1162 4054 1392 4120 consuluimus
