3224 4942
725 598 779 664 93.

282 730 390 810 Disce,
408 730 466 797 sed
481 750 502 796 a
517 730 630 810 doniis,
648 731 799 798 indoeloe
815 733 886 817 ipse
902 732 1018 798 doceto
1027 752 1036 809 ;
1128 719 1131 725 ’

283 845 500 932 Propaganda
516 848 640 913 etenim
656 849 706 913 est
721 868 833 914 rerum
849 845 1000 914 doctrina
1015 847 1188 913 bonarum.

728 1062 781 1127 94.

284 1191 357 1260 Hoe
373 1194 492 1260 adhibe
509 1191 527 1229 *
543 1191 562 1229 *
579 1205 643 1280 qno
658 1194 767 1280 'possis
782 1195 892 1260 vivere
909 1189 1030 1260 sanus:

284 1308 393 1376 Morbi
408 1329 509 1377 eausa
523 1311 604 1378 mali
620 1313 680 1390 esl,
696 1311 802 1376 nimia
818 1314 867 1376 esl
884 1330 1098 1396 quaeaumque
1110 1310 1273 1394 voluptas.

731 1526 784 1590 95.

288 1655 451 1723 laudaris
467 1655 696 1742 quodcumque
712 1658 834 1741 palam,
853 1657 1083 1742 quodeu'rnque
1099 1651 1258 1742 probaris,

287 1770 460 1849 Horrida
477 1790 520 1838 ne
536 1793 653 1839 rursus
667 1773 812 1839 levitatis
829 1773 968 1838 erimine
984 1773 1133 1838 damnes.

723 1986 784 2084 96.

289 2119 490 2204 Tranquillis
505 2121 605 2185 rebus
621 2139 750 2204 semper
766 2118 905 2184 adversa
919 2119 1055 2185 timeto:

289 2232 418 2299 Rursus
432 2234 470 2298 in
486 2233 631 2300 adversis
647 2235 767 2302 melius
784 2237 915 2320 sperare
931 2237 1111 2299 memento,
1140 2307 1142 2310 ¹

734 2448 787 2513 97.

291 2578 425 2646 Discere
441 2600 484 2645 ne
500 2600 612 2646 cessa:
629 2600 708 2646 eura
725 2579 890 2665 sapientia
906 2581 1023 2647 erescit
1032 2603 1041 2658 ;
1119 2581 1121 2584 ’

291 2694 379 2760 Rara
394 2696 492 2762 datur
506 2697 606 2781 longo
622 2695 800 2780 prudentia
814 2695 974 2780 temporis
990 2717 1065 2762 usu.
1173 2704 1176 2709 ’

735 2909 789 2973 98.

293 3039 394 3106 Parce
409 3039 563 3105 laudato:
580 3060 661 3105 nam
677 3041 776 3125 quem
790 3044 828 3106 lu
845 3061 931 3126 saepe
946 3042 1106 3126 probaris,

295 3155 371 3221 Una
386 3156 466 3233 dies,
484 3156 592 3242 qualis
608 3157 717 3235 fuerit,
734 3156 896 3235 ostendet,
914 3157 1051 3222 amisus.

607 3395 609 3397 ·
738 3370 791 3435 99.

296 3505 371 3570 Non
385 3504 519 3590 pudeat,
538 3504 793 3588 quaeneseieris,
810 3507 844 3570 le
860 3503 945 3569 velle
961 3502 1090 3570 doeeri:

296 3619 386 3688 Scire
403 3620 530 3706 aliquid
544 3622 618 3686 laus
635 3623 695 3698 est,
713 3620 811 3704 eulpa
827 3622 877 3685 esl
892 3619 943 3684 nil
958 3618 1083 3688 discere
1100 3618 1195 3683 velle.

695 3796 696 3799 ‘
741 3834 794 3900 30.

298 3968 382 4035 Onrn
397 3969 525 4036 Venere
542 3974 575 4036 el
589 3969 719 4036 Baeeho
735 3969 777 4034 lis
794 3971 844 4035 est
860 3970 893 4036 el
908 3968 1024 4033 iunela
1038 3968 1211 4051 voluptas:

299 4082 395 4162 Quod
408 4071 523 4153 laelurn
539 4089 598 4164 esl,
616 4085 728 4151 animo
745 4084 971 4169 complantare,
990 4082 1047 4156 sed
1063 4085 1140 4167 fuge
1155 4082 1242 4147 lites.
1288 4068 1291 4076 ¹

717 4203 720 4208 ,
1190 4205 1207 4258 3
1208 4204 1226 4241 ἦ
