3224 4942
1306 432 1349 497 53

230 628 386 715 iadiouos
400 626 472 694 aeti
487 628 544 692 tu:
558 622 675 702 eeteri;
693 621 843 692 eiecere:
868 626 1016 703 eodiees3
1042 619 1166 692 uertere
1176 613 1194 692 .·¹
1210 625 1351 692 eonieeit

230 745 310 810 Lue.
327 744 476 821 Mueller,
493 742 580 806 Berl.
596 742 682 806 Phil.
699 740 972 819 Wochensehritt,
993 742 1088 808 1893.
1105 763 1137 825 p.
1157 743 1208 807 17.
1279 783 1282 789 .

275 861 328 926 26.
344 858 477 926 scieris:
492 859 539 934 A;
556 858 664 925 noscis
679 880 710 923 v.
736 875 872 924 uosoee:
894 859 993 922 aeteri
1003 880 1011 934 3
1037 858 1153 924 noeis:
1174 859 1350 935 Baehrens;

226 976 440 1064 promittere:
454 975 501 1048 A;
527 973 712 1040 dimittere:
736 973 854 1048 eeteri;
881 993 995 1038 versus
1021 973 1105 1037 alter
1128 962 1220 1038 deest
1244 975 1280 1038 in
1304 974 1351 1051 A;

227 1093 305 1178 post
320 1090 419 1157 haee:
435 1089 562 1155 codices
574 1111 581 1164 ;
591 1088 669 1172 post
684 1088 750 1152 est:
766 1085 957 1153 Seriverius.
987 1085 1082 1166 Quod
1099 1089 1142 1153 ad
1156 1089 1352 1174 productam

232 1209 268 1272 in
282 1207 395 1272 suteris
419 1205 575 1270 ultimam
599 1204 761 1286 syllabam
786 1205 913 1282 attinet,
936 1195 1014 1269 'vide
1039 1225 1154 1270 versus
1179 1207 1216 1272 in
1240 1207 1352 1273 codiee

231 1322 403 1388 Turieenei
419 1321 489 1384 solo
506 1321 671 1383 exstantes
686 1319 837 1403 Append.
855 1321 893 1384 i:
1223 1305 1226 1311 ¹

242 1456 251 1500 .’
276 1437 372 1516 Quod
388 1436 501 1502 scieris
518 1454 600 1519 opus
618 1455 688 1499 esse
704 1434 774 1512 tibi,
792 1435 957 1499 dimittere
973 1437 1054 1500 noli.
1183 1439 1184 1444 ’

277 1554 330 1618 31.
348 1549 401 1617 Sie
418 1550 547 1616 eodiees
562 1570 678 1614 omnes
695 1552 726 1614 et
743 1546 850 1614 Oarol,
872 1551 983 1636 Magn.
1007 1551 1056 1616 De
1081 1572 1150 1616 non
1175 1552 1352 1619 adorandis

232 1670 332 1754 imag.
356 1669 416 1732 ΠΙ.
435 1669 489 1732 26.
515 1665 640 1732 Sensus
665 1669 716 1732 est
738 1670 889 1751 apertus:
919 1669 1011 1732 «Noli
1037 1667 1168 1733 eredere
1193 1670 1352 1746 somniis;

233 1801 313 1851 nam
330 1784 417 1870 quod
432 1787 595 1868 optamus,
613 1782 648 1846 id
662 1783 778 1867 vigiles
807 1801 987 1867 speramus,
1013 1784 1215 1848 dormientes
1241 1787 1354 1850 autem

232 1903 300 1966 iam
317 1904 393 1967 ante
411 1900 523 1966 oeulos
539 1900 660 1964 habere
677 1894 857 1965 videmur.»
888 1898 960 1977 Quo
975 1901 1081 1984 magis
1097 1901 1209 1979 miror,
1227 1921 1355 1966 memo--

232 2019 318 2083 riam
332 2017 493 2082 librorum
510 2017 551 2081 ab
569 2016 723 2080 omnibns
740 2016 921 2080 editoribus
937 2017 1146 2099 repudiatam
1170 2037 1251 2081 esse.
1268 2017 1354 2084 Nam

232 2133 370 2217 plurimi
393 2131 538 2217 moilens
562 2149 624 2213 pro
649 2128 776 2215 uitioat,
799 2129 959 2194 Erasmus
983 2148 1122 2214 speruus
1146 2151 1206 2215 pro
1231 2135 1354 2218 sperat,

232 2245 380 2312 Amtzen
396 2247 515 2332 optem
529 2266 590 2330 pro
606 2245 698 2330 optut
713 2243 926 2328 seripserunt.
941 2244 1033 2308 Adde
1049 2247 1255 2313 coniecturas
1270 2248 1357 2315 Boxe

233 2363 365 2428 hornii:
475 2379 477 2384 ’

245 2511 253 2523 ·
277 2480 367 2544 Dum
381 2479 505 2563 vigilat,
521 2479 646 2564 spectet
659 2497 722 2563 per
734 2496 891 2541 somnum
905 2496 1035 2563 semper
1049 2479 1083 2543 id
1099 2478 1218 2564 ipsum,

324 2597 355 2658 et
370 2594 572 2659 Baehrensii:
832 2601 834 2606 ’

276 2711 367 2775 Dum
382 2711 505 2795 vigilat,
522 2728 639 2777 oerum
654 2730 714 2794 per
730 2730 887 2775 somnum
902 2710 1007 2774 cernit
1022 2709 1056 2774 id
1072 2711 1192 2795 ipsum,

233 2831 266 2893 et
279 2827 447 2912 Anonymi
463 2827 636 2893 cuiusdam
652 2827 689 2890 in
705 2824 849 2891 editione
876 2825 1115 2890 Amutelodami
1141 2847 1230 2893 anno
1258 2828 1354 2895 1759.

233 2943 358 3027 publici
372 2943 456 3007 iuris
472 2944 577 3007 faeta:
836 2950 838 2954 ’

247 3087 255 3100 -
277 3057 367 3123 Dum
381 3056 463 3143 uigil
478 3056 508 3122 et
522 3059 643 3140 sperat,

279 3193 360 3257 quas
375 3175 490 3238 tamen
505 3173 642 3237 minime
665 3192 737 3237 esse
760 3172 965 3237 necessarias
988 3172 1216 3257 interpretatio
1240 3176 1355 3240 nostra

237 3289 318 3355 satis
333 3287 438 3352 docet.
850 3295 852 3298 ’

707 3463 804 3526 Liber
816 3463 875 3524 ΠΙ.

276 3627 308 3692 4.
326 3625 434 3692 Codex
458 3623 592 3692 (tutonis
617 3626 871 3710 antiquissimus
894 3624 1048 3708 idemque
1072 3625 1170 3709 longe
1197 3626 1353 3710 optimus,

232 3744 316 3809 liber
346 3743 592 3828 manuscriptus
619 3741 830 3820 Veronensis,
865 3761 964 3826 quem
994 3741 1030 3805 in
1061 3740 1210 3807 distiebis
1242 3763 1357 3809 recen·

235 3858 344 3926 sendis
368 3859 532 3943 imprimis
559 3859 653 3943 sequi
684 3857 852 3936 debemus,
883 3876 1018 3922 versum
1046 3858 1193 3942 primum
1224 3858 1271 3924 sie
1302 3877 1355 3924 ex·

235 3973 344 4039 hibet:
802 3989 805 3992 '
877 3969 879 3972 ’

279 4088 455 4157 Sermones
471 4090 610 4156 blandos
626 4088 762 4157 ettlesos
776 4089 882 4155 vitare
898 4091 1076 4168 memento,
