3224 4942
831 587 883 652 312.

386 705 481 785 Quod
497 710 623 777 iustum
639 718 698 793 esi,
714 719 827 801 petito,
845 721 898 786 vel
914 723 1002 806 quod
1017 725 1170 793 videatur
1183 711 1363 796 honestum
1372 753 1381 808 ;

385 821 470 888 Num
486 828 751 914 stultumpetere
769 837 827 914 eei,
846 838 933 920 quod
948 833 1052 923 posei'i
1068 843 1139 908 iure
1155 843 1281 929 negari.

832 1036 885 1102 33.

385 1174 541 1258 Ignotum
555 1170 617 1236 tibi
632 1172 670 1233 tu
685 1168 755 1232 noli
770 1188 963 1253 praeponere
979 1173 1086 1238 notisr

387 1288 525 1373 Cognita
540 1285 662 1350 iudicio
679 1286 841 1362 constant,
859 1285 1028 1371 incognita
1044 1308 1132 1354 cusu.

832 1499 886 1568 33.

387 1633 470 1700 Cum
485 1634 587 1699 dubia
602 1633 638 1698 in
655 1632 752 1698 eeriie
767 1637 917 1698 versetur
931 1634 1000 1698 viia
1015 1635 1157 1718 periclis,

385 1750 447 1815 Pro
463 1751 556 1815 luero
571 1749 633 1814 ribi
647 1769 734 1833 pone
750 1748 849 1826 diem,
867 1750 1066 1834 quicumque
1083 1753 1247 1835 sequetur.
1318 1810 1321 1815 .

832 1964 885 2032 34.

386 2097 525 2162 Vincere
540 2097 622 2164 dum
637 2097 754 2181 poesis,
772 2096 945 2164 interdurn,
957 2097 1034 2163 cede
1051 2097 1178 2177 sodali;

387 2211 552 2296 Obsequio
570 2213 728 2297 quonium
744 2212 857 2278 dulues
872 2215 1059 2280 retinentur
1074 2213 1182 2281 umioi.
1317 2275 1319 2280 .

833 2427 885 2491 35.

387 2562 434 2626 Ne
451 2561 576 2639 dubita,
594 2582 670 2627 eum
686 2579 808 2642 magna
822 2562 926 2643 petes,
944 2559 1136 2644 impendere
1152 2579 1271 2644 parva:

387 2679 450 2743 His
466 2677 591 2744 etenim
606 2676 706 2740 rebus
722 2676 893 2760 coniungit
910 2674 1025 2741 Gratia
1042 2695 1144 2742 curos.

833 2890 886 2954 36.

386 3023 497 3088 Litem
512 3023 635 3087 inferre
652 3042 740 3101 euve,
758 3043 834 3087 oum
851 3043 915 3108 quo
931 3023 991 3089 tibi
1007 3023 1114 3107 gretia
1129 3023 1242 3088 iuncte
1258 3025 1325 3087 esi:

333 3195 336 3200 ,
387 3138 441 3203 Ire
456 3138 571 3204 odium
586 3142 731 3222 generet,
750 3139 926 3205 eoncordia
940 3139 1047 3204 nutrit
1062 3157 1220 3204 umorem.
1321 3203 1324 3206 .

833 3354 885 3418 37.

388 3482 565 3550 Servorum
581 3486 679 3570 culpe
695 3507 771 3551 eum
786 3489 819 3551 te
835 3485 929 3550 dolor
944 3487 1039 3569 urget
1054 3485 1091 3550 in
1106 3485 1200 3563 irum,

388 3600 463 3685 Ipse
479 3602 737 3681 iibimoderure,
754 3603 821 3668 tuis
837 3605 874 3667 ui
889 3621 1023 3686 parcere
1039 3601 1156 3686 poesie.
1248 3667 1250 3672 .

833 3818 885 3883 38.

390 3946 496 4026 Quem
513 3970 669 4033 superare
684 3953 788 4034 potes,
805 3951 973 4016 interdum
988 3950 1082 4017 vince
1098 3949 1255 4026 ferend0;

389 4065 533 4132 Maxime
549 4067 640 4132 enim
655 4086 787 4134 morum
803 4069 852 4132 esi
869 4088 999 4152 semper
1013 4067 1175 4152 puiientia
1186 4066 1301 4132 virtus.
