3224 4942
1292 420 1335 485 47

214 616 313 695 mavi,
330 615 484 698 Maxime,
500 617 538 680 ut
553 616 582 681 is
597 615 738 700 gloriose
758 615 868 680 vivere
885 617 918 680 et
932 615 1071 681 honeste
1100 617 1187 682 mori
1207 618 1335 683 contin-

215 734 315 818 geret.
332 729 442 809 Quare
466 731 531 795 ista
555 730 707 796 facienda
731 733 830 816 atque
853 731 1016 797 imitanda
1041 736 1135 812 [esse]
1160 734 1337 818 perscripsi

217 850 357 913 ....ut
380 845 480 934 facile
499 865 636 912 marsum
662 846 750 917 vitae
774 865 964 935 cognoscas.
988 847 1094 933 Igitur
1118 852 1283 934 precepta
1308 849 1338 913 is

216 964 313 1048 legat,
346 963 402 1047 qui
433 963 605 1048 intellegit.
636 963 760 1049 Legere
792 964 882 1032 enim
910 967 943 1030 et
966 985 1036 1031 non
1060 966 1253 1050 intellegere
1279 985 1339 1033 acc

218 1078 324 1168 lepore
339 1081 417 1145 est.»

592 1352 961 1428 stammam.

263 1547 294 1610 7.
312 1543 358 1611 ad
373 1561 539 1630 aequam:
555 1540 628 1606 Par.
648 1543 754 1618 ΞΜ
781 1542 857 1611 octe
872 1561 914 1608 ac
929 1561 1065 1628 quecca
1080 1542 1277 1608 accesseris:
1291 1542 1340 1618 A;

219 1678 398 1747 conquam
413 1678 455 1724 ce
470 1658 664 1724 emerseris:
687 1657 715 1726 B
724 1678 733 1735 3
759 1658 940 1744 caracam
961 1658 1086 1726 voceris
1102 1657 1148 1725 act
1163 1656 1341 1725 missilium

218 1794 260 1841 cc
276 1775 472 1841 accessam:
486 1773 558 1838 Par.
576 1773 674 1838 8246.
701 1777 733 1838 et
756 1771 932 1852 Planudes
960 1773 1017 1859 qui
1040 1774 1077 1839 in
1102 1774 1254 1839 versione
1280 1793 1341 1839 sua

220 1889 334 1956 Graeca
350 1890 459 1955 codice
476 1891 553 1955 huic
569 1889 719 1956 Parisino
737 1889 916 1961 admodum
933 1890 1035 1958 simili
1057 1909 1139 1962 usus
1164 1909 1236 1954 esse
1251 1889 1340 1954 vide·

218 2009 291 2082 tur;
308 2006 492 2092 acaqccm
506 2006 632 2073 voceris
646 2025 689 2072 ce
704 2006 901 2076 accesseris:
916 2006 1027 2074 ceteri.
1042 2006 1101 2082 Ea,
1129 2025 1229 2089 quam
1253 2024 1341 2070 rece·

218 2122 340 2207 pimus,
356 2121 455 2186 lectio
470 2121 552 2186 latet
573 2122 673 2186 etiam
688 2121 726 2186 in
742 2121 938 2206 corruptelis
961 2119 1162 2200 Veronensis
1181 2123 1213 2184 et
1228 2121 1341 2186 Matri·

218 2237 333 2313 tensis,
351 2240 476 2302 ceteras
492 2240 606 2301 autem
622 2237 800 2322 scripturas
816 2256 909 2304 mera
933 2257 1005 2304 esse
1030 2240 1218 2302 commenta
1243 2256 1342 2302 nemo

180 2403 182 2406 -
220 2373 289 2418 non
304 2351 404 2418 videt.
421 2349 517 2430 Quod
529 2351 571 2416 sd
583 2351 782 2418 adiectivum
797 2371 945 2440 aequam
954 2373 1014 2438 pro
1024 2353 1231 2420 substantivo
1247 2377 1342 2420 usur·

219 2471 337 2554 patum
352 2469 480 2547 attinet,
498 2471 611 2534 confer
626 2468 775 2532 Matthaei
790 2467 916 2554 Evang.
935 2468 1050 2540 1338:
1074 2469 1211 2537 zizania
1233 2472 1345 2538 actare

221 2585 300 2651 suat
327 2583 393 2671 filii
421 2602 579 2669 aequam,
596 2581 708 2649 Graece
734 2580 794 2649 aial
823 2592 876 2650 τοῦ
899 2592 1035 2674 πονηροῦ
1043 2579 1073 2656 *.,
1088 2584 1250 2650 Praeterea
1274 2588 1344 2652 haec

223 2700 389 2766 sententia
413 2703 524 2786 aperte
551 2700 703 2785 opposita
728 2702 778 2766 est
801 2699 924 2785 priori:
952 2697 1038 2771 Cum
1064 2699 1159 2768 boisce
1184 2701 1347 2784 stabulm

222 2819 336 2884 confer
352 2817 475 2884 similia
489 2819 729 2901 praceptorum
756 2816 851 2900 paria
874 2813 964 2900 apud
988 2812 1148 2888 Catonem
1173 2819 1345 2882 nostrum:

227 2934 365 2999 «Maiori
380 2932 522 2999 concede
545 2969 590 2980 -
613 2930 779 2996 Minorem
794 2951 837 2997 ne
863 2931 1121 3016 contempseris:
1145 2931 1229 3002 Rem
1251 2935 1346 2998 tuam

224 3049 413 3116 custodi-
427 3049 547 3112 Aliena
562 3067 605 3112 ne
631 3047 857 3132 concupieris;
882 3047 1040 3117 Mutuum
1063 3047 1108 3118 ds
1130 3084 1174 3102 w-
1202 3044 1263 3116 cui
1288 3047 1346 3114 des

224 3164 354 3240 videto;
370 3162 489 3228 Libros
503 3163 576 3247 lege
591 3198 635 3209 —
652 3161 733 3241 Quae
748 3163 868 3246 legeris
882 3165 1085 3228 memento».

271 3282 324 3346 25.
341 3299 437 3346 cave:
452 3278 499 3354 A;
524 3280 623 3366 sape:
647 3280 757 3344 ceteri.
776 3279 890 3343 Lectio
914 3277 1126 3356 Veronensis,
1154 3299 1226 3362 quse
1250 3279 1347 3346 nobis

224 3397 261 3462 in
285 3395 482 3461 memoriam
505 3396 638 3461 revocat
667 3395 880 3479 proverbium
904 3394 988 3460 illud
1012 3395 1245 3462 notissimum:
1270 3413 1349 3462 cave

225 3530 353 3594 mosem,
368 3510 574 3594 praeierenda
590 3531 661 3576 esse
676 3510 818 3576 videtur.

270 3627 324 3692 30.
340 3624 393 3692 Sic
408 3625 466 3690 AB
475 3648 483 3702 ;
499 3626 659 3692 Baehrens
675 3625 766 3690 addit
780 3645 928 3713 procas,
940 3645 999 3710 ego
1009 3625 1172 3700 iniustam
1188 3624 1346 3709 suspicor,

225 3743 335 3808 sedin
349 3744 442 3808 textu
458 3745 590 3808 tantum
605 3742 735 3807 lacuna
751 3742 884 3826 signum
911 3740 1069 3826 apposui;
1095 3739 1224 3806 codices
1248 3740 1348 3827 ceteri

225 3859 381 3924 lacunam
398 3880 438 3924 ex
452 3858 644 3925 coniectura
660 3859 810 3943 explent:
827 3858 972 3924 irascere
995 3857 1038 3924 ob
1061 3876 1134 3924 rem
1158 3855 1249 3924 aeli:
1273 3854 1328 3921 GD
1339 3877 1347 3931 ;

271 4106 289 4144 ⁴*
307 4106 385 4173 Vide,
404 4124 467 4178 quse
486 4108 616 4179 exposuit
635 4107 748 4163 Bonnet
765 4107 797 4161 in
815 4107 912 4162 Revue
931 4105 965 4162 de
983 4105 1084 4178 philol.
1103 4103 1168 4158 VII.
1187 4122 1215 4175 p.
1235 4103 1279 4159 93.
