3224 4942
816 536 867 611 15..

369 666 525 734 Officium
540 668 677 736 alterius
693 668 808 734 multis
825 687 961 732 ncrrcre
978 669 1165 744 mement03

367 784 412 850 At
428 805 642 869 quecumque
659 784 734 849 eliis
749 783 953 848 benefeceris
969 783 1049 866 ipse,
1067 782 1173 846 silete.

817 996 868 1067 16.

368 1130 555 1195 Multorum
570 1149 647 1194 cum
662 1131 749 1193 fecte
765 1147 866 1194 senex
881 1148 919 1194 ec
937 1127 1025 1196 dicte
1039 1127 1231 1212 reprendes,
1301 1187 1303 1190 .

367 1245 434 1311 Fac
449 1244 511 1310 tibi
527 1247 730 1322 succurrent,
748 1244 878 1308 iuvenis
900 1265 972 1328 quae
988 1244 1105 1310 feceris
1120 1245 1202 1328 ipse.

816 1458 867 1522 17.

366 1591 416 1656 Ne
432 1611 537 1667 cures,
555 1591 584 1656 ei
601 1590 675 1674 quis
690 1590 791 1654 tecito
808 1609 961 1655 sermone
976 1590 1151 1674 loquetur;

369 1704 529 1772 Conscius
544 1707 616 1790 ipse
632 1705 695 1771 sibi
711 1705 751 1769 de
768 1725 803 1769 se
818 1707 915 1789 putet
931 1705 1045 1769 omnic
1063 1704 1139 1769 dici.
1244 1714 1247 1718 ’

816 1919 866 1994 18.

370 2048 405 2115 Si
421 2051 523 2116 fueris
540 2051 628 2129 felix,
648 2073 719 2136 quae
736 2053 815 2116 sunt
830 2050 978 2128 adverse,
996 2053 1131 2115 cevete:

368 2166 443 2231 Non
459 2166 576 2251 eedem
592 2186 691 2231 cursu
707 2165 909 2249 respondent
925 2165 1044 2230 ultime
1059 2165 1187 2249 primis.

817 2378 868 2453 19.

369 2507 453 2576 Gurn
469 2509 572 2575 dubie
587 2513 619 2575 et
634 2509 759 2593 fragilis
775 2509 872 2574 nobis
889 2510 932 2574 sit
947 2509 1015 2574 vite
1030 2510 1171 2587 tributc‚'

368 2625 409 2690 In
424 2627 531 2690 morte
547 2625 684 2690 atterius
701 2644 794 2708 spem
808 2627 846 2689 tu
861 2625 922 2690 tibi
937 2644 1061 2708 ponere
1077 2624 1158 2689 noli.

814 2837 867 2912 20.

367 2970 534 3055 Exiguum
549 2990 673 3035 munus
689 2990 766 3035 cum
782 2969 838 3034 det
852 2969 913 3035 tibi
928 2989 1057 3053 pcuper
1072 2970 1210 3049 amicus,
1318 2971 1320 2975 ’

368 3086 517 3171 Accipite
533 3086 639 3164 laetus,
655 3086 754 3170 plene
771 3087 804 3150 et
819 3083 956 3149 leudcre
972 3087 1152 3149 memento.

817 3298 869 3376 21.

369 3429 540 3513 Infantem
555 3429 685 3495 nudum
702 3411 779 3495 curn
794 3432 827 3494 te
843 3432 964 3494 nature
980 3431 1108 3508 crearit,

368 3544 578 3629 Paupertctis
594 3565 679 3610 onus
695 3544 861 3628 patienter
876 3546 961 3608 ferre
977 3549 1156 3610 memento,

817 3761 870 3824 tt.

368 3892 418 3957 Ne
433 3891 552 3957 timeas
568 3893 672 3970 illem,
690 3913 762 3976 quae
776 3892 852 3957 ‘vitae
870 3894 919 3957 est
934 3892 1054 3956 ultime
1068 3891 1164 3958 finis:

370 4006 435 4087 Qui
451 4010 593 4074 mortem
608 4009 737 4088 metuit,
753 4009 871 4094 perdit,
889 4007 977 4092 quod
991 4008 1082 4086 vivit,
1098 4008 1132 4072 id
1147 4009 1273 4093 ipsum.
