3224 4942
409 1221 847 1292 ADNOTATIONES
871 1214 1148 1291 cremona.

634 1470 683 1532 De
692 1470 798 1532 ,titulo
812 1471 931 1548 operis.

270 1612 450 1699 Notissima
465 1653 518 1699 res
534 1635 593 1712 est,
609 1633 817 1699 hexametros
827 1629 1029 1700 Catonianos
1038 1632 1197 1720 Dionysii
1208 1631 1345 1702 Catonis

226 1746 368 1814 disticho
383 1748 424 1816 do
438 1748 590 1816 cariae
605 1750 704 1833 vulgo
721 1749 899 1834 inscriptos
925 1770 996 1815 esse
1019 1749 1097 1815 inde
1122 1769 1142 1814 a
1167 1747 1342 1836 scaligero,

227 1864 283 1949 qui
298 1864 335 1928 in
350 1864 482 1929 exordio
498 1864 751 1931 adnotationum
768 1883 904 1930 suarum
923 1866 995 1931 haec
1019 1865 1148 1931 scribit:
1177 1865 1236 1930 «In
1259 1867 1344 1934 libro

224 1981 448 2047 vetustissimo
465 1979 631 2046 Simeonis
645 1979 747 2058 Bosii,
763 1976 895 2046 iuridici
910 1980 1157 2047 Lemovicensis
1164 1982 1282 2050 titulus
1297 1984 1346 2049 ita

227 2098 405 2181 conceptus
430 2098 519 2160 erat:
542 2094 696 2178 Dionysii
727 2090 862 2160 Catonis
888 2094 1030 2161 disticha
1059 2096 1100 2160 de
1130 2098 1278 2163 moribus
1303 2099 1345 2164 ad

226 2211 345 2277 filium.
372 2209 470 2277 Solus
492 2210 550 2274 ille
575 2209 677 2275 codex
699 2210 794 2275 bonae
824 2213 912 2275 notae
935 2215 1086 2296 repertus
1111 2215 1161 2278 est
1184 2215 1346 2280 memoria

227 2330 359 2405 nostra;
375 2325 505 2411 reliqui,
522 2328 560 2391 ut
575 2325 766 2409 sequiorum
783 2326 988 2403 saeculorum,
1013 2326 1062 2391 ita
1084 2328 1342 2394 mendosiores.»

228 2441 295 2508 Nos
311 2461 513 2527 quamquam
527 2441 628 2507 fidem
653 2439 810 2526 Scaligeri
825 2442 862 2506 in
877 2442 1016 2508 dubium
1036 2464 1153 2510 vocare
1177 2445 1346 2525 nolumus,

227 2558 356 2623 nullam
372 2561 440 2624 fere
456 2559 686 2624 auctoritatem
702 2557 806 2623 codici
831 2557 882 2623 illi
903 2559 1091 2636 tribuimus,
1108 2582 1185 2626 eum
1201 2583 1218 2626 e
1234 2563 1346 2627 lectio·

226 2675 326 2740 nibus
341 2676 404 2740 viri
419 2674 602 2740 doctissimi
619 2674 743 2740 librum
767 2675 839 2740 eius
862 2675 1128 2760 manuscriptum
1151 2675 1345 2764 Veronensi,

227 2789 425 2868 Matritensi,
456 2791 637 2871 Turicensi,
676 2790 980 2875 Montepessulano,
1012 2789 1174 2857 Vossiano
1207 2795 1239 2856 et
1268 2793 1345 2857 Am·

228 2907 393 2986 brosiano,
419 2907 476 2992 qui
499 2908 596 2973 nobis
619 2910 740 2991 praesto
766 2909 853 2985 sunt,
878 2907 986 2971 multo
1016 2905 1213 2971 deteriorem
1244 2909 1347 2973 fuisse

227 3023 492 3088 luculentissime
509 3025 678 3108 appareat.
693 3021 735 3086 In
749 3021 965 3106 tituloigitur
988 3041 1058 3086 non
1081 3021 1255 3107 antiquam
1280 3044 1346 3088 ser-

228 3141 340 3203 vatam
356 3158 428 3204 esse
442 3139 648 3217 memoriam,
667 3139 723 3204 sed
740 3138 1000 3217 forteacoidisse,
1018 3141 1056 3203 ut
1070 3139 1154 3203 liber
1170 3139 1216 3204 sic
1231 3139 1347 3205 inseri·

229 3256 371 3334 beretur,
387 3255 459 3320 iure
475 3255 572 3321 nobis
587 3255 738 3321 videmur
761 3253 938 3320 affirmare.
955 3251 1035 3332 Qua
1052 3255 1081 3319 si
1096 3255 1143 3319 ita
1159 3259 1247 3334 sunt,
1263 3255 1349 3320 nihil

155 3367 163 3379 '
229 3373 298 3437 iam
312 3392 483 3438 moramur
498 3392 613 3438 eorum
629 3373 861 3458 suspicionem,
880 3371 937 3457 qui
952 3371 1169 3437 distichorum
1185 3373 1348 3438 collectio·

230 3508 308 3553 nem
323 3488 475 3572 Dionysii
491 3488 664 3556 cuiusdam
679 3509 763 3574 opus
787 3508 858 3554 esse
885 3485 968 3556 Caio
991 3487 1189 3573 inscriptum
1213 3491 1348 3554 conten·

229 3603 360 3671 denunt.
614 3601 616 3604 ’

273 3719 491 3789 Vindicianus
507 3724 629 3800 autem,
653 3740 764 3786 comes
788 3718 1038 3797 archiatrorum,
1054 3717 1091 3782 in
1106 3718 1349 3803 antiquissimo,

231 3837 319 3922 quod
345 3837 387 3902 ad
411 3841 564 3904 nostrum
587 3839 721 3923 poetam
750 3835 904 3920 pertinet,
936 3834 1138 3913 testimonio,
1166 3834 1291 3900 scilicet
1313 3835 1350 3899 in

232 3952 371 4037 epistola
387 3953 429 4018 ad
443 3952 719 4019 Valentinianum
740 3952 984 4037 imperatorem,
1011 3950 1205 4034 simpliciter
1229 3950 1269 4015 de
1291 3948 1350 4016 Ga·

230 4071 310 4134 tone
325 4067 481 4153 loquitur,
498 4071 535 4134 ut
551 4069 652 4134 etiam
675 4067 712 4132 in
736 4068 891 4152 plurimis
915 4066 1082 4133 codicibus
1107 4063 1193 4131 liber
1215 4086 1246 4131 v.
1271 4065 1353 4132 iibri
