3224 4942
1273 403 1316 496 a

198 665 203 673 ·
235 623 341 704 Quod
355 625 494 689 tacitum
510 642 580 689 esse
595 625 656 702 vis,
673 625 801 689 nemini
816 624 946 703 dixeris,
965 625 1042 708 quia
1057 601 1261 710 nonpoteris
1278 629 1320 692 ab

198 741 266 807 alio
283 741 409 825 exigere
426 740 606 817 silentium,
624 741 652 805 si
667 741 729 804 tibi
745 742 815 824 ipse
831 761 901 805 non
915 744 1053 825 praestas
1080 741 1180 826 (apud
1196 741 1319 807 Woelf⁴

197 857 333 922 flinium
347 878 379 940 p.
399 858 501 936 101.);

246 970 343 1051 Quod
358 969 430 1037 esse
444 974 583 1038 tacitum
598 974 658 1050 vis,
675 972 708 1036 id
724 973 811 1037 nulli
826 971 956 1050 dixeris,
967 972 1102 1053 (ibidem
1116 993 1149 1054 p.
1189 973 1268 1068 33);Υ
1278 975 1324 1068 et,

202 1109 275 1172 quse
290 1087 455 1166 dicuntur,
472 1087 659 1156 Pronnbia
674 1087 835 1155 Senecae:

248 1202 344 1282 Quod
359 1205 497 1269 tacitum
512 1205 595 1269 velis
611 1225 692 1281 esse,
709 1205 837 1269 nemini
863 1204 995 1268 dixeris.
1021 1201 1055 1268 Si
1078 1204 1139 1267 tibi
1165 1205 1229 1286 ipsi
1252 1225 1322 1270 non

203 1320 383 1403 imperasti,
402 1319 564 1403 quomodo
581 1321 622 1385 ab
639 1321 713 1385 aliis
740 1321 911 1386 silentium
936 1341 1048 1403 speras
1073 1321 1153 1402 (ibid
1176 1343 1208 1405 p.
1237 1323 1321 1412 137),

248 1451 363 1500 versus
380 1432 514 1499 Catonis
530 1456 568 1499 ex
584 1437 753 1501 communi
770 1457 846 1500 oum
866 1437 919 1500 his
943 1440 1034 1501 fonte
1056 1456 1210 1501 manasse
1236 1438 1322 1527 eiusf

204 1552 345 1636 demque
362 1571 432 1615 esse
449 1546 636 1634 'argumenti
652 1554 769 1634 sponte
785 1554 933 1636 apparet.
1299 1544 1303 1549 ’
1322 1549 1324 1554 ’

254 1669 303 1732 11.
319 1668 392 1732 Hoc
408 1666 572 1732 distichon
587 1669 734 1750 primum
750 1665 932 1732 Scriverius
949 1667 1050 1732 edidit
1075 1669 1111 1731 in
1134 1669 1211 1732 libri
1234 1669 1327 1732 tertii·

205 1784 302 1848 initio
319 1803 336 1846 e
353 1782 461 1847 codice
479 1803 568 1847 nunc
585 1784 771 1867 incognito:
908 1813 912 1819 ·
967 1761 971 1764 ’

250 1899 405 1965 Fortunae
422 1899 557 1965 damnis
573 1921 703 1984 semper
713 1919 837 1985 parere
851 1902 1041 1976 memento;

251 2017 326 2081 Non
342 2016 462 2098 opibus
475 2017 562 2081 bona
576 2017 674 2102 famo
689 2017 795 2094 datur,
813 2016 871 2081 sed
885 2015 1033 2082 moribus
1049 2018 1147 2101 ipsis;
1283 2103 1285 2106 Ι

298 2131 384 2215 quod
401 2121 545 2216 Scaliger
560 2135 607 2198 ita
623 2134 855 2198 commutavit:

253 2247 408 2312 Fortunae
424 2247 525 2314 donis·
536 2267 617 2316 raro
629 2269 753 2335 parere
766 2253 946 2315 memento.

255 2361 363 2427 Codex
378 2363 577 2429 Veronensis
594 2365 724 2429 exhibet
740 2363 837 2430 donis
854 2367 885 2429 et
896 2366 1039 2450 perisse,
1057 2386 1096 2430 ex
1112 2386 1176 2448 quo
1187 2362 1331 2464 Schenkl

207 2497 356 2563 paream
371 2469 536 2562 tribuisse,
544 2481 701 2546 Baeh'rens
714 2483 826 2546 autem
834 2500 964 2566 semper
974 2499 1118 2566 parcam
1129 2501 1196 2547 csse
1205 2484 1331 2546 temere

215 2593 363 2657 coniecit.
985 2619 987 2622 ·

259 2706 353 2786 Quod
368 2712 512 2778 alterum
525 2734 659 2778 versum
674 2715 802 2792 attinet,
820 2716 856 2779 in
873 2714 1016 2780 editione
1026 2712 1179 2780 Scriverii
1195 2715 1228 2778 et
1243 2713 1332 2802 apud

214 2807 458 2895 Columbanum
481 2833 634 2910 (monost.
661 2831 725 2910 36.)
749 2831 890 2914 legimus
914 2832 1011 2917 sama
1035 2830 1145 2907 datar,
1171 2831 1208 2894 in
1232 2829 1331 2894 Vero-

213 2951 311 3016 nensi
325 2949 459 3025 citatur,
476 2968 514 3012 ex
530 2968 595 3031 quo
610 2948 680 3014 otte
704 2945 806 3013 datur
830 2949 966 3012 conieci.
993 2945 1164 3010 Sententia
1189 2946 1261 3030 ipsa
1287 2946 1334 3010 sic

215 3065 372 3149 explicari
382 3066 510 3147 potest:
540 3064 712 3128 «Fortunae
738 3062 843 3141 donis,
873 3064 900 3127 si
927 3063 1011 3126 bene
1039 3062 1199 3144 beateque
1223 3062 1334 3154 vivere

214 3181 307 3258 velis,
324 3164 462 3264 dignum
476 3181 509 3243 te
523 3181 659 3264 praestes
676 3181 821 3262 oportet3
847 3197 927 3274 narn
951 3179 1039 3243 bona
1062 3178 1140 3254 vita,
1166 3178 1188 3242 i.
1215 3197 1232 3242 e
1256 3167 1338 3240 'vera'

215 3296 356 3362 felicitas
372 3303 441 3360 non
456 3295 493 3358 in
509 3295 635 3379 opibus,
654 3295 710 3360 sed
726 3295 762 3358 in
778 3289 899 3359 virtute
916 3294 986 3359 sola
1002 3294 1066 3357 sita
1082 3295 1160 3357 est.»
1334 3375 1339 3382 ³

264 3413 315 3478 le.
332 3410 440 3475 Codex
460 3410 747 3496 cantabrigiensis
766 3407 975 3495 (inGollegio
1001 3399 1132 3474 Sancta·
1154 3407 1340 3484 Trinitatis,¹

82 3609 90 3624 ·
219 3524 257 3589 0.
273 3525 316 3589 II.
332 3527 386 3607 31)
402 3534 474 3592 s‘aee.
490 3525 544 3605 X,
559 3547 657 3612 quem
674 3523 817 3592 Schenkl
831 3527 959 3611 primus
980 3525 1122 3590 excussit
1138 3525 1222 3588 etin
1238 3525 1340 3610 ephe-¹¹

217 3640 344 3706 meride
358 3640 490 3708 Wiener
505 3639 646 3708 Studien
657 3646 691 3723 (t.
704 3643 743 3708 V.
758 3665 791 3727 p.
811 3643 897 3722 166.)
912 3641 1094 3724 descripsit,
1112 3641 1259 3706 continet
1275 3640 1340 3728 hoe

168 3761 172 3768 '
218 3745 383 3822 distichon
395 3742 494 3821 'inter
509 3756 552 3821 H.
570 3738 801 3823 111113.-
817 3758 941 3844 facies:
964 3755 1082 3831 codex3
1108 3755 1245 3842 faciles:
1268 3773 1337 3819 cor·

218 3872 302 3937 rexit
317 3869 470 3936 Schenkl.
1266 3861 1268 3865 ’
1317 3859 1342 3900 ³²

268 3987 319 4051 13.
343 3986 435 4052 Inest
463 3989 500 4052 in
531 3988 648 4054 eodem
672 3988 783 4055 codice
809 3983 1072 4073 cantabrigiensi
1098 3983 1340 4053 Schenkeiiano

218 4105 296 4187 post
317 4103 467 4188 Append.
494 4105 545 4168 12.
560 4141 605 4151 -
616 4104 803 4189 probatus:
826 4106 923 4169 metri
947 4105 1020 4188 lege
1046 4123 1116 4168 non
1134 4101 1340 4180 admittitur,

1217 4225 1234 4277 5
