3224 4942
740 597 785 666 ,7,Ι

294 727 457 795 Constans
473 734 506 807 et
521 730 616 808 lenis,
634 733 671 795 ut
686 744 738 795 res
755 722 950 814 expostulat,
974 736 1061 798 esto:

295 846 510 931 Temporibus
526 866 636 918 mores
652 848 785 931 sepiens
802 848 873 912 sine
890 834 1028 912 erimine
1044 853 1161 914 mutet.

743 1059 781 1124 -8.

296 1194 352 1258 Nil
366 1198 491 1259 temere
507 1193 602 1268 uxori
620 1193 660 1257 de
677 1193 780 1259 servis
796 1193 891 1257 erede
909 1195 1077 1277 querenti3

297 1307 434 1394 Semper
450 1310 541 1374 enim
557 1309 702 1374 coniunx
719 1329 861 1388 servum,
880 1329 978 1393 quem
995 1308 1113 1394 diligis,
1131 1309 1210 1376 odit.

754 1524 784 1587 9.

299 1652 382 1721 Cum
397 1675 534 1720 moneos
551 1656 696 1740 aliquem
712 1676 773 1721 nee
790 1676 824 1720 se
841 1657 920 1720 velit
935 1657 992 1721 ille
1009 1659 1147 1735 moneri,

299 1770 333 1837 Si
349 1772 409 1837 tibi
425 1768 589 1850 sitoa'rus,
607 1773 677 1836 noli
693 1771 852 1838 desistere
869 1773 995 1856 coeptis.

746 1985 797 2049 10.

300 2115 423 2182 Contra
438 2117 593 2181 verbosos
609 2116 681 2180 noli
698 2115 896 2180 contendere
913 2116 1038 2181 verbis:

301 2229 415 2296 Sermo
432 2229 529 2294 detur
545 2230 682 2308 eunetis,
700 2230 805 2294 enimi
821 2231 985 2314 sapientie
999 2232 1125 2314 pouois.

748 2444 799 2511 11.

300 2576 409 2660 Dilige
426 2576 473 2641 sie
492 2576 584 2653 elios,
602 2579 639 2640 ut
657 2577 701 2641 sis
717 2577 778 2640 tibi
794 2596 890 2642 eorus
907 2578 1052 2656 amicus:

303 2690 356 2757 Sio
371 2691 479 2757 bonus
496 2694 566 2756 esto
582 2692 689 2769 bonis,
706 2712 748 2756 ne
764 2695 797 2756 19
813 2695 903 2758 malo
919 2693 1042 2758 domno
1058 2697 1249 2778 sequantur.

751 2905 802 2970 1l.

302 3037 464 3103 Rumores
482 3057 569 3114 eave,
585 3056 628 3100 ne
647 3035 780 3104 studeas
797 3056 903 3102 novus
921 3041 1037 3102 ouotor
1051 3037 1176 3114 heberi,

305 3152 391 3217 Nom
405 3152 548 3217 tacuisse
565 3153 663 3217 nooet
679 3151 775 3228 nulli,
793 3154 890 3215 noeet
906 3172 977 3217 esse
993 3152 1152 3217 looutum.

753 3366 804 3431 13.

306 3496 407 3582 Spem
422 3496 484 3561 tibi
499 3496 640 3580 polliciti
656 3499 781 3562 certem
796 3497 989 3581 promittere
1006 3497 1095 3562 noli:

305 3613 394 3678 Roro
409 3612 492 3677 fides
508 3611 582 3675 ideo
600 3614 658 3688 est,
677 3614 755 3696 quio
771 3614 869 3677 multi
885 3614 991 3679 multo
1008 3615 1202 3698 loquuntur.

754 3826 805 3889 11.

309 3954 392 4021 Cum
406 3959 439 4021 te
457 3957 576 4040 aliquis
593 3956 716 4034 laudet,
734 3956 833 4021 iudex
847 3961 926 4022 tuus
943 3978 1014 4022 esse
1030 3959 1216 4021 memento:

308 4071 387 4138 Plus
403 4074 478 4138 aliis
494 4072 534 4136 de
549 4075 592 4151 te,
612 4092 712 4157 quom
727 4075 765 4138 tu
780 4073 850 4151 tibi,
869 4073 999 4138 eredere
1016 4072 1098 4137 noli.
1192 4107 1195 4114 ·

1196 4193 1230 4246 2*
