3224 4942
761 644 813 706 it.

315 773 478 858 Prospice
497 777 553 860 qui
568 777 706 842 veniunt
722 797 827 856 curuo,
844 779 905 843 hos
922 799 993 842 esse
1009 778 1183 856 ferendoe;

316 891 401 954 Nem
416 891 523 957 levius
539 892 638 971 laedit,
657 893 816 978 quidquid
830 894 1148 978 praevidimusnnte.

762 1113 814 1188 25.

316 1240 430 1306 Rebus
445 1242 481 1305 in
498 1241 645 1306 adversis
661 1188 813 1308 animum
830 1243 1023 1308 submittere
1040 1243 1131 1307 noli:

317 1353 417 1439 Spem
432 1357 538 1421 retine
551 1379 560 1435 3
577 1378 652 1440 spes
668 1377 737 1423 una
751 1359 922 1424 hominem
937 1380 999 1425 nec
1014 1361 1120 1423 morte
1136 1357 1305 1442 relinquit.

713 1573 815 1689 u..

317 1702 410 1780 Rem,
427 1702 488 1767 tibi
505 1722 605 1786 quem
622 1683 739 1769 scieris=
751 1725 793 1788 ep
809 1725 874 1784 cm,
891 1705 1057 1769 dimittere
1073 1705 1165 1769 noli:

317 1819 440 1883 Fronte
457 1819 621 1903 capilluto,
638 1824 779 1904 postest
796 1820 931 1887 Occasio
949 1822 1052 1886 calve.

764 2037 816 2100 27.

319 2165 415 2244 Quod
431 2169 589 2251 sequitur,
608 2170 728 2251 spectu,
746 2167 899 2252 quodque
915 2168 1069 2234 imminet
1085 2172 1172 2246 ante,
1189 2168 1320 2234 videto:

318 2283 419 2347 Illum
434 2283 565 2347 imitare
581 2282 690 2361 deum,
707 2287 837 2367 purtem
853 2284 910 2368 qui
926 2287 1051 2368 spectat
1065 2288 1251 2368 utrumque.

763 2498 815 2562 28.

317 2630 450 2696 Fortius
466 2634 503 2697 ut
517 2633 639 2710 valete,
656 2631 825 2696 interdum
840 2631 971 2715 parcior
987 2635 1079 2697 esto:

317 2745 427 2812 Peuce
441 2747 605 2830 voluptati
621 2746 792 2826 debentur,
809 2748 908 2830 plura
924 2748 1034 2812 satuti.

763 2962 816 3026 29.

317 3092 482 3159 Iudicium
497 3094 613 3177 populi
628 3115 802 3178 nunquam
818 3095 1057 3177 contempseris
1072 3115 1170 3172 unus,

318 3208 366 3272 Ne
381 3208 468 3274 nulli
482 3209 625 3292 placens,
642 3208 723 3274 dum
737 3210 788 3274 vis
804 3213 1015 3274 contemnere
1031 3211 1165 3274 multos.

762 3421 815 3484 30.

319 3552 368 3619 Sit
382 3555 444 3619 tibi
458 3555 633 3639 premique,
652 3554 739 3639 quod
754 3555 901 3638 primum
917 3557 976 3632 est,
994 3573 1073 3618 cure
1090 3553 1206 3618 solutis
1219 3574 1228 3631 3

316 3671 479 3754 Tempore
493 3690 555 3736 nec
570 3671 696 3753 culpes,
713 3691 790 3735 cum
806 3669 852 3734 sis
867 3669 927 3733 tibi
943 3689 1046 3735 causo
1060 3668 1195 3733 doloris.

762 3884 814 3947 31.

317 4013 454 4081 Somnia
469 4037 511 4081 ne
528 4035 645 4095 oures;
661 4037 742 4082 num
756 4036 853 4080 mens
868 4017 1026 4094 humanu,
1050 4016 1137 4100 quod
1153 4019 1255 4100 optut,

316 4131 405 4197 Dum
420 4132 545 4217 ringet,
563 4136 682 4217 speret,
699 4153 759 4216 per
775 4152 931 4197 somnum
947 4133 1053 4199 cernit
1067 4132 1101 4196 id
1116 4133 1238 4216 ipsum.

678 4309 893 4324 ψ
