3224 4942
253 413 297 478 lo

253 609 365 692 pcrte;
386 607 479 693 fore:
507 608 625 685 oeteri;
651 607 846 675 metanoeis
868 610 913 686 A;
938 609 1150 678 mbbmaoi:
1173 612 1293 690 eeteri3
1317 613 1374 678 ct:

255 721 348 788 deest
362 723 399 786 in
414 724 460 800 A;
486 724 579 790 ista:
601 726 734 790 tantum
750 726 786 790 in
801 726 829 790 A
852 726 1034 811 reperitur;
1058 727 1167 794 vivere
1191 729 1221 793 et
1243 727 1375 794 boante

254 837 344 904 mori
358 837 567 925 coatiapere:
582 839 630 916 A3
647 839 867 928 conliuperet:
891 842 1016 908 correxi
1025 865 1034 918 ;
1050 842 1196 908 viverent
1219 843 1250 907 et
1272 839 1373 909 houe-

254 972 327 1021 rem
344 954 589 1041 contingerent:
604 955 714 1020 ceteri.
741 957 771 1021 t.
795 955 894 1022 Hanc
908 961 1037 1042 partem
1062 957 1158 1023 aliter
1182 957 1312 1022 exhibet
1334 958 1373 1022 A.

256 1070 352 1135 ahter
368 1070 486 1146 eeteri;
502 1090 565 1135 nos
583 1069 809 1136 Veronensem
834 1073 1022 1157 sequimur:
1047 1091 1154 1161 quac:
1178 1073 1225 1148 A;
1251 1092 1375 1159 quare:

256 1187 396 1252 correxit
426 1185 587 1263 Schenkl;
618 1183 720 1274 faeti:
743 1188 790 1264 A3
814 1188 933 1275 factis:
956 1189 1095 1253 correxit
1120 1185 1281 1264 Schenkh
1306 1188 1377 1254 vito

257 1304 499 1390 copuuacotur:
527 1303 573 1379 A;
604 1299 709 1369 citam
733 1321 933 1390 copuoseos:
957 1305 1097 1370 coniecit
1122 1302 1282 1379 Schenk13
1307 1303 1377 1370 vito

256 1419 466 1506 comparor:
481 1419 616 1484 correxi.

303 1531 410 1600 Ceteri
434 1535 562 1602 codices
586 1535 726 1600 altersm
752 1535 956 1620 praefationis
981 1539 1110 1620 partem
1134 1509 1251 1620 procul
1275 1535 1375 1602 dubio

256 1653 400 1736 pessime
417 1651 463 1716 sic
480 1650 653 1716 exhibent:

306 1767 420 1830 «Nunc
434 1768 477 1843 te,
493 1764 543 1829 fili
557 1765 741 1843 karissime,
758 1764 891 1843 docebo,
909 1784 973 1849 quo
999 1767 1095 1848 pacto
1120 1785 1247 1830 morem
1273 1767 1376 1832 animi

257 1882 308 1946 tui
323 1897 514 1964 componas.
529 1879 635 1965 Igitur
649 1883 813 1965 precepta
827 1899 904 1944 mea
926 1881 973 1946 ita
995 1880 1106 1964 legito,
1131 1883 1170 1946 ut
1193 1881 1377 1966 intellegas.

258 1995 381 2082 begere
398 1996 489 2061 enim
506 1999 538 2061 et
552 2016 622 2061 non
637 1997 829 2080 intellegere
845 1997 1015 2080 neclegere
1033 1999 1111 2061 est.»

302 2111 432 2177 Librari
458 2113 592 2190 scilicet,
617 2117 794 2198 postquam
817 2113 916 2178 titulo
939 2112 1090 2177 additum
1114 2114 1164 2176 est
1188 2111 1235 2178 ad
1257 2110 1377 2197 filium,

258 2229 488 2313 praefctionem
515 2230 613 2294 titulo
630 2229 878 2295 accommodare
894 2230 1081 2294 voluerunt.
1098 2228 1283 2305 Nemeum
1301 2228 1378 2293 scri·

258 2347 334 2429 ptor
348 2344 385 2408 in
402 2343 534 2409 exordio
546 2345 729 2427 generatim
740 2344 781 2409 de
797 2344 988 2408 hominibus
1004 2344 1041 2407 in
1056 2343 1111 2408 via
1125 2363 1257 2408 morum
1268 2362 1378 2408 erran·
1447 2337 1452 2348 ’

257 2461 347 2526 tibus
361 2459 527 2543 loquatur,
553 2461 765 2543 repentinum
790 2459 887 2524 illum
910 2460 1107 2525 transitum:
1134 2457 1235 2526 Nunc
1257 2460 1297 2541 ie,
1320 2457 1380 2544 fili,

259 2577 505 2667 ineptissimum
537 2595 608 2639 esse
639 2595 746 2660 neque
772 2576 910 2660 abipso
936 2578 1069 2646 auctore
1094 2575 1259 2660 proficisci
1282 2594 1379 2660 posse

259 2715 359 2761 nemo
375 2714 445 2760 non
460 2694 558 2758 videt.
576 2691 799 2771 Quamobrem
815 2692 929 2770 critici,
957 2692 1076 2776 quibus
1100 2692 1214 2776 ignota
1239 2693 1309 2756 erat
1332 2691 1380 2755 al-

259 2814 331 2877 tera
345 2810 555 2895 genuinaque
571 2809 672 2873 huius
687 2809 752 2874 loci
768 2810 884 2888 forma,
900 2811 1005 2874 totam
1023 2807 1252 2892 praefationem
1268 2807 1305 2870 in
1321 2806 1379 2870 du·

260 2928 353 2993 bium
368 2928 538 3003 vocarunt,
557 2924 644 3009 quod
659 2944 721 2989 nos
736 2925 932 2990 memoriam
957 2923 1078 2989 codicis
1103 2922 1305 2988 Veronensis
1331 2941 1379 2985 se·

261 3047 399 3128 quentes
430 3042 568 3107 minime
598 3043 789 3126 probamus.
820 3041 1038 3107 Verissimum
1069 3041 1182 3105 autem
1208 3042 1267 3118 est,
1294 3037 1382 3123 quod

261 3156 405 3224 Schenkl
419 3158 574 3236 affimat,
597 3159 731 3236 scilicet,
757 3179 834 3224 oum
860 3157 983 3222 similia
1005 3156 1083 3222 huic
1109 3152 1215 3234 Statii,
1241 3154 1381 3220 Ausonii

261 3277 359 3357 atque
374 3273 494 3338 Aviani
509 3275 672 3357 prooemia
687 3274 837 3338 oratione
854 3274 963 3338 soluta
982 3271 1104 3355 scripta
1128 3271 1279 3335 omnium
1304 3290 1380 3335 con·

260 3410 361 3456 sensu
385 3389 532 3474 genuina
558 3390 634 3465 sint,
654 3389 783 3453 nullam
810 3389 944 3454 subesse
969 3407 1114 3466 causam,
1140 3408 1199 3451 eur
1222 3387 1382 3452 hocloco

261 3505 554 3590 interpolationem
570 3505 789 3570 recentiorem
806 3525 1003 3590 quaeramus.
1483 3571 1488 3578 ,

306 3621 460 3688 Ceterum
489 3621 659 3687 Lucianus
690 3621 832 3686 Mueller
861 3621 960 3704 (Berl.
990 3620 1075 3686 Phil.
1106 3617 1381 3694 Wochenschrilt‚

265 3737 360 3803 1893.
376 3758 409 3822 p.
430 3738 481 3818 15)
504 3736 734 3821 praefationem
760 3736 801 3801 ad
826 3737 1010 3801 Maximum
1035 3731 1201 3820 quendam
1226 3734 1383 3817 scriptam

261 3856 294 3918 et
309 3854 418 3918 hunce
434 3853 471 3918 in
486 3851 632 3916 modum.
640 3852 868 3937 corrigendam
885 3871 956 3917 esse
973 3855 1103 3917 censet:

311 3966 414 4033 «Cum
430 3967 738 4046 animadverterem,
754 3969 918 4052 plurimos
930 3968 1099 4054 pravitate
1114 3987 1246 4031 morum
1262 3986 1381 4042 errare,

262 4083 521 4150 succurrendum
538 4083 689 4167 opinioni
705 4104 819 4148 eorum
835 4087 868 4148 et
884 4081 1127 4149 consulendum
1150 4083 1247 4146 famae
1275 4080 1383 4145 existi·
