3224 4942
819 581 870 645 16.

372 713 486 778 Necte
503 711 673 780 collaudes
689 734 750 780 neo
765 717 798 779 te
815 713 1001 798 culpaveris
1016 714 1109 798 ipse:

371 829 443 894 Hoo
460 827 587 895 fuciunt
604 827 707 909 stulti,
724 850 807 914 quos
821 829 927 915 glorie
940 829 1037 896 vexet
1052 829 1174 895 inanis.

817 1044 868 1108 17.

371 1175 471 1242 Utere
488 1176 634 1261 quaesitis
649 1176 799 1244 modice:
816 1199 893 1243 eum
909 1181 1061 1262 sumptus
1077 1178 1233 1256 abundet,

370 1292 511 1358 Labitur
526 1293 653 1377 exiguo,
671 1293 759 1378 quod
774 1295 908 1379 portum
924 1295 974 1360 ost
988 1298 1137 1379 tompore
1152 1296 1263 1380 longo.

370 1636 537 1724 Insipiens
554 1641 634 1717 este,
651 1659 727 1703 oum
742 1509 875 1723 tege
890 1641 1038 1724 postulet
1052 1637 1184 1725 ipsum:

371 1753 553 1820 Stultitiem
570 1751 727 1820 simulare
743 1754 815 1820 loeo
831 1754 1009 1838 prudentie
1024 1775 1156 1820 summu
1171 1759 1230 1820 est.

817 1969 869 2033 19.

370 2101 553 2168 Luxuriam
568 2103 684 2189 fugito,
702 2102 803 2169 simul
819 2101 851 2169 ot
866 2101 970 2168 vitare
983 2104 1151 2168 momento
1260 2164 1264 2172 .

371 2216 505 2284 Crimen
521 2219 691 2298 everitiae;
708 2240 788 2285 nem
805 2221 883 2284 sunt
899 2219 1065 2286 contrarie
1080 2220 1187 2283 fumae.

816 2434 869 2497 920.

369 2565 479 2630 Nolito
497 2564 648 2650 quaedem
664 2563 819 2628 referenti
836 2563 966 2629 eredere
984 2585 1091 2648 saepe:

370 2669 498 2765 Exigue
514 2682 563 2744 est
578 2677 756 2744 tribuenda
771 2677 863 2756 fides,
881 2678 937 2762 qui
953 2679 1060 2744 multu
1074 2677 1266 2763 loquuntur.

812 2893 868 2956 ll.

371 3026 451 3105 Quae
466 3028 565 3110 potus
580 3045 707 3110 peones,
724 3023 893 3110 ignoscere
909 3029 946 3090 tu
961 3021 1022 3090 tibi
1038 3022 1129 3090 noli:

369 3144 454 3208 Nem
470 3142 596 3207 erimen
611 3139 682 3207 vini
698 3143 832 3207 nullum
848 3144 906 3220 est,
924 3141 981 3206 sod
998 3141 1096 3225 eulpu
1110 3139 1265 3206 bibentis.

815 3353 868 3417 ll.

370 3483 555 3550 Consilium
571 3503 731 3550 urounum
745 3482 847 3549 terito
863 3482 1031 3549 committe
1048 3485 1163 3564 seduli,

372 3599 525 3685 Corporis
542 3597 704 3663 auxilium
719 3597 847 3664 medico
864 3599 1031 3664 committo
1048 3599 1149 3665 fideli.

814 3815 866 3880 23.

370 3947 565 4014 Successum
581 3943 710 4032 indigni
725 3946 830 4011 nolito
846 3949 932 4011 ferre
947 3947 1106 4013 moleste:

368 4064 523 4149 Indulget
538 4065 673 4131 fortune
688 4061 796 4141 molis,
813 4065 852 4128 ut
866 4061 997 4130 vineere
1014 4061 1129 4148 possit.
