3224 4942
253 427 299 496 54

253 640 395 709 quocum
409 622 583 689 Parisinus
600 621 708 700 8093„
728 621 784 706 qui
801 621 903 686 etiam
929 621 1008 692 alibi
1023 621 1376 704 genuinarumiectio·

251 759 335 805 num
351 739 493 804 servavit
507 738 655 822 vestigia,
672 737 755 801 mire
772 737 956 803 consentit:

267 903 269 906 -
297 854 473 921 Sermones
490 852 629 919 blandos
646 854 676 920 el
693 851 797 919 blescs
813 853 917 917 vitare
935 852 1103 916 memento
1112 873 1120 927 ;

251 973 321 1037 iam
335 969 480 1040 Parisini
496 963 595 1036 8319.
613 971 645 1034 et
661 970 760 1034 8320.
777 990 911 1034 versum
929 971 1121 1054 corruptum
1136 968 1184 1032 ite
1199 967 1376 1036 emendare

251 1088 434 1171 temptant:

297 1198 473 1266 Sermones
489 1199 629 1265 blandos
647 1199 840 1285 blcescsqae
855 1200 962 1266 vilere
978 1200 1165 1275 mement0;

297 1314 396 1380 ceteri
413 1317 525 1378 autem
541 1333 666 1391 omnes,
684 1314 819 1392 scilicet,
847 1332 989 1398 quorum
1012 1312 1140 1378 librarii
1165 1313 1262 1377 metri
1284 1313 1376 1397 leges

252 1431 352 1496 verbo
367 1429 473 1498 vilere
488 1429 628 1494 violatas
645 1449 717 1495 esse
733 1431 969 1514 cognoverunt,
990 1428 1078 1494 hanc
1102 1447 1217 1494 versus
1233 1430 1375 1494 formam

251 1547 417 1632 praebent:

269 1707 272 1714 ‚
297 1660 474 1730 Sermones
490 1658 630 1724 blandos
649 1658 841 1745 blaesosque
857 1678 972 1726 meere
986 1661 1166 1724 memento.

293 1775 407 1856 ,Quare
424 1773 504 1838 viris
520 1773 625 1839 doctis
642 1774 722 1839 artis
739 1775 858 1842 criticae
874 1775 910 1838 in
926 1774 1019 1840 libris
1035 1774 1270 1859 manuscriptis
1287 1795 1376 1840 exer-

253 1893 364 1962 cendae
379 1891 504 1976 peritis,
522 1891 604 1974 quin
618 1891 719 1956 verba
734 1893 765 1958 el
782 1891 909 1959 blaesos
931 1892 1038 1959 ellare
1062 1893 1098 1957 in
1124 1893 1300 1978 archetypo
1324 1894 1375 1957 in-

251 2008 386 2086 suerint,
418 2005 559 2074 dubium
587 2025 658 2074 esse
682 2026 752 2071 non
775 2007 894 2090 potest.
919 2004 1035 2070 Restat
1058 2007 1168 2091 igitur,
1195 2011 1232 2072 ut
1257 2008 1376 2092 spretis

251 2124 468 2190 librariorum
499 2124 713 2188 commentis.
726 2123 908 2207 genuinam
941 2123 1157 2188 restituamus
1187 2123 1376 2192 lectionem.

253 2238 350 2319 Quod
374 2258 445 2304 non
471 2239 589 2304 fefellit
613 2239 722 2303 virum
750 2238 988 2316 doctissimum,
1013 2237 1058 2307 M.
1083 2235 1226 2322 Bocael,
1252 2240 1309 2323 qui
1335 2239 1377 2306 de

253 2356 420 2423 codicibus
435 2354 662 2420 Distichorum
676 2355 836 2419 Parisinis
852 2354 1017 2418 disserens
1043 2353 1148 2435 (videz
1178 2353 1260 2418 «Les
1283 2353 1376 2419 disti-

253 2493 334 2558 ques
351 2471 390 2536 de
407 2468 513 2535 Geton
535 2472 566 2534 et
582 2471 631 2534 les
646 2469 845 2536 manuscrits
870 2469 911 2534 de
936 2469 1047 2535 Paris»
1067 2469 1179 2537 Revue
1204 2468 1245 2533 de
1268 2471 1376 2554 philo-

252 2586 349 2670 logie,
375 2587 400 2650 t.
426 2583 498 2652 VII.
523 2606 557 2669 p.
586 2584 729 2666 tls-32)
744 2604 879 2652 versum
902 2584 1011 2650 hunce
1035 2585 1072 2652 in
1096 2585 1233 2650 modum
1259 2607 1376 2654 sanare

253 2701 455 2767 conabatur:
592 2725 594 2728 ·

299 2814 498 2884 Sermonem
515 2812 680 2880 blandum
696 2816 726 2880 el
743 2813 893 2882 blaesum
908 2816 1014 2882 vilere
1030 2819 1208 2895 memento,
1253 2793 1255 2796 ⁵

253 2950 361 3016 neque
377 2932 502 3008 tamen,
513 2951 572 2995 cur
587 2949 696 2995 accus.
713 2930 796 3015 sing.
813 2933 927 2996 formae
946 2929 1111 2998 blandum
1127 2934 1159 2996 et
1177 2930 1326 3000 blaesum
1341 2933 1380 3002 in

256 3046 400 3113 blandos
416 3047 449 3110 et
467 3044 595 3112 blaesos
610 3048 745 3111 mutata
763 3048 883 3125 essent,
904 3046 1111 3130 probabilem
1125 3046 1290 3112 rationem
1304 3047 1377 3112 red-

254 3163 332 3250 dere
357 3162 477 3248 potuit.
503 3161 570 3226 uos
594 3165 719 3241 contra,
745 3144 1044 3230 coracesii.
1070 3162 1220 3241 mericho,
1246 3162 1376 3247 quode

253 3277 365 3345 codiee
382 3276 569 3343 Veronensi
587 3278 633 3342 sic
648 3278 874 3345 restituimus:
1238 3345 1240 3350 ,

298 3394 376 3460 Noli
391 3393 544 3459 homines
564 3392 705 3460 blandos
720 3395 864 3460 nimium
879 3412 1030 3474 sermone
1040 3394 1189 3479 probare,
1207 3395 1265 3460 ubi
1279 3399 1380 3479 poeta

253 3511 293 3575 de
306 3509 500 3575 hominibus
509 3528 661 3576 sermone
670 3507 1178 3593 blaedlsloquiturscribendum
1188 3530 1377 3578 censemus:

281 3624 452 3695 :Blossios
466 3643 619 3693 somnone
635 3625 665 3690 el
683 3624 811 3692 blaesos
825 3626 931 3691 vitare
948 3628 1126 3705 memento,
1192 3649 1194 3652 ·

252 3744 289 3808 ut
320 3761 438 3806 sensus
469 3741 530 3811 sit:
559 3739 714 3808 «vitandi
736 3743 815 3806 sunt
844 3742 996 3808 homines
1022 3762 1174 3807 sermone
1203 3742 1376 3807 blandiat

252 3857 374 3932 blaesi.»
407 3857 480 3922 Iam
510 3856 611 3923 verba
636 3854 776 3923 blandos
798 3875 966 3924 sermones
995 3878 1115 3941 pamm
1140 3858 1313 3923 intellecta
1339 3858 1376 3922 in

255 3970 396 4039 blcaclcs
410 3989 588 4049 sceneos,
605 3970 723 4035 deinde
739 3972 776 4037 in
790 3990 959 4038 semones
977 3971 1117 4039 bbclos
1144 3975 1274 4038 mutata
1301 3993 1373 4047 esse
1407 4020 1411 4028 -

251 4107 322 4160 non
338 4089 388 4152 est
404 4085 492 4170 quod
509 4087 681 4160 miremur.
936 4095 938 4100 '
958 4095 961 4102 '
