3224 4942
741 650 793 716 93.

272 823 274 828 -
293 777 450 846 Incusure
466 782 546 847 deos
562 782 641 860 noli,
660 783 717 848 sed
732 786 766 848 te
782 784 853 867 ipse
870 786 991 861 coires,

295 893 330 960 Si
344 897 405 964 tibi
420 918 481 982 pro
497 898 625 964 meritis
641 918 740 964 nemo
757 899 919 966 succurrit
935 899 1072 965 umicus.

733 1113 793 1178 94.

293 1247 341 1311 Ne
356 1247 418 1312 tibi
435 1247 514 1332 quid
530 1246 624 1325 desit,
643 1248 788 1332 quaesitis
804 1249 896 1312 utere
912 1266 1020 1330 perce,

293 1361 402 1449 thue
419 1363 507 1448 quod
523 1366 581 1442 est,
597 1357 719 1442 serves,
738 1355 868 1448 semper
882 1363 944 1429 tibi
958 1355 1054 1429 desse
1069 1356 1196 1449 'putatu

733 1573 793 1639 95.

294 1706 391 1786 Quod
405 1705 561 1792 praesture
576 1711 671 1793 potes
686 1729 748 1774 nec
763 1710 823 1787 vis,
840 1702 1032 1793 premittere
1049 1703 1129 1788 soli,

293 1824 341 1888 Ns
358 1825 403 1889 sis
418 1826 586 1902 ventosus,
603 1824 685 1889 dum
696 1821 750 1890 'vis
766 1819 875 1890 bonus
892 1845 964 1892 esse
980 1824 1095 1889 videri.

741 2039 793 2104 96.

293 2171 377 2238 Cum
393 2170 528 2237 simulet
543 2171 653 2237 verbis
668 2190 730 2234 nec
746 2170 842 2236 corde
859 2165 909 2234 est
924 2169 1010 2238 fidus
1027 2170 1162 2248 emieus,

293 2287 341 2352 Tu
358 2307 488 2372 quoque
504 2288 557 2352 suc
573 2287 728 2354 simules:
747 2286 793 2351 sic
810 2307 864 2351 ers
880 2285 1049 2351 deluditur
1065 2289 1144 2351 erte.

735 2501 791 2566 97.

292 2634 368 2699 Noh·
382 2635 536 2701 homines
552 2633 693 2701 blundus
709 2635 853 2700 nimium
869 2654 1021 2700 sermone
1036 2631 1196 2719 prebere:

291 2751 421 2816 Fistule
435 2751 532 2817 dulce
549 2749 647 2828 canit,
664 2748 835 2816 volucrem
850 2750 931 2815 dum
946 2750 1068 2835 decipit
1084 2747 1226 2835 auceps(

733 2967 791 3031 98.

293 3096 377 3164 Cum
391 3099 452 3163 tibi
469 3096 536 3163 sint
551 3099 622 3164 nuti
638 3118 699 3163 nec
716 3119 804 3182 opes,
822 3101 902 3164 tunc
918 3100 1045 3164 artibus
1060 3100 1136 3165 illos

292 3214 434 3292 instrue,
452 3235 517 3300 quo
532 3215 661 3299 possint
676 3216 812 3299 inopem
827 3214 1004 3281 defendere
1019 3217 1133 3281 vitum.
1218 3207 1223 3210 ’

738 3432 790 3496 99.

293 3562 388 3642 Quod
403 3564 468 3630 vile
485 3568 543 3642 est,
561 3584 685 3642 cerum,
704 3565 792 3649 quod
808 3584 932 3642 curum,
949 3565 1015 3630 vile
1030 3568 1166 3649 putato:

291 3677 345 3745 Sic
360 3684 398 3746 tu
413 3700 475 3745 nee
492 3681 631 3764 cupidus
646 3701 708 3746 nec
724 3701 845 3746 evurus
861 3682 1009 3747 nosceris
1024 3681 1097 3746 ulli.

738 3894 791 3960 30.

290 4025 370 4106 Quae
387 4029 521 4112 culpare
538 4023 634 4106 soles,
653 4047 693 4092 ee
707 4031 745 4093 tu
761 4049 803 4092 ns
820 4028 937 4094 feceris
953 4029 1025 4112 ipse
1037 4053 1044 4092 :
1055 4043 1061 4102 j

291 4141 397 4227 Turpe
414 4146 463 4208 est
478 4145 606 4223 rectori,
624 4165 701 4210 cum
717 4144 816 4228 eulpu
830 4143 998 4228 redarguit
1013 4145 1135 4228 ipsum.
