3224 4942
255 393 298 464 la,

251 587 422 653 deterioris
438 589 524 655 noca
540 607 640 655 usum
664 606 735 651 esse
760 605 868 670 neque
891 585 1080 652 versionem
1104 587 1175 652 eius
1200 587 1242 652 ad
1258 607 1374 652 emen·

251 703 399 768 dandum
416 700 575 768 Catonem
591 702 768 786 quicquam
782 702 892 768 valere
908 701 1016 769 docui.

295 821 388 885 Notae
405 818 556 886 codicum
571 818 850 902 praestantiorum,
865 819 986 902 quibus
1002 819 1055 884 usi
1071 840 1197 896 sumus,
1210 825 1289 888 sunt
1300 823 1372 888 haer

296 935 377 1005 A:
390 935 491 1001 codex
520 933 723 1000 Veronensis
751 934 959 1000 bibliothecae
999 935 1190 1020 capitularis
1221 958 1255 1002 n.
1297 939 1370 1004 163.

252 1072 325 1118 saec.
340 1049 398 1115 IX.

297 1164 330 1232 B
341 1193 377 1222 =
391 1187 418 1231 c.
435 1165 642 1232 Matritensis
657 1163 775 1249 (Oajon
793 1167 845 1231 14.
862 1167 918 1232 Nr.
937 1168 989 1245 bi,
1007 1168 1062 1249 40)
1079 1189 1151 1234 saec.
1168 1167 1226 1233 IX.

300 1279 328 1348 C
337 1309 373 1336 =
388 1303 415 1347 c.
432 1282 619 1346 Turicensis
637 1283 689 1347 78.
708 1302 781 1347 saec.
797 1281 855 1346 IX.

297 1396 331 1464 D
344 1426 380 1453 =
393 1420 420 1464 c.
438 1398 557 1463 scholae
573 1397 782 1464 medicinalis
806 1397 1107 1482 Montepessulanae
1132 1393 1207 1466 306.
1225 1421 1297 1466 saec.
1313 1400 1371 1466 IX.

297 1513 331 1580 E
343 1542 380 1569 =
393 1535 420 1580 c.
437 1513 619 1579 Vossianus
635 1515 673 1578 L.
691 1512 729 1591 Q.
747 1515 800 1580 86.
817 1535 890 1580 saec.
906 1514 964 1578 IX.

297 1629 331 1696 F
345 1645 421 1695 ='c.
437 1630 678 1695 Ambrosianus
695 1628 729 1695 C.
747 1631 800 1696 74.
818 1651 890 1714 sup.
908 1651 980 1696 sac.
997 1629 1037 1695 X.

296 1746 398 1810 Notas
415 1745 571 1810 sciliceta
585 1745 777 1811 Baehrensio
789 1748 966 1830 usurpatas
980 1765 1130 1811 errorum
1142 1747 1373 1814 evitandorum

254 1881 356 1931 causa
371 1861 581 1927 retinuimus.
598 1861 756 1946 Reliquos
771 1862 874 1928 libros
898 1881 959 1927 suo
976 1856 1140 1946 quemque
1155 1863 1228 1929 loco
1245 1862 1375 1929 adiecto

252 1980 460 2045 bibliothece
476 1999 616 2044 numero
632 1980 850 2062 proferemus.

297 2095 339 2159 In
354 2095 626 2160 adnotationibus
642 2094 764 2160 criticis
779 2095 975 2178 plerumque
992 2113 1049 2159 eos
1064 2096 1197 2159 tantum
1212 2094 1303 2159 locos
1322 2114 1376 2159 ra«

254 2211 441 2296 spiciendos
456 2212 581 2294 putavi,
597 2211 657 2276 ubi
673 2211 714 2274 ab
731 2210 942 2287 editionibus,
960 2231 1032 2294 quae
1047 2210 1113 2275 huc
1128 2230 1234 2294 usque
1248 2209 1375 2294 publici

254 2329 338 2393 iuris
354 2329 448 2392 faotae
466 2329 553 2405 sunt,
571 2326 726 2391 omnibus
741 2325 888 2391 discessi.
