3224 4942
823 584 853 648 7.

367 714 443 780 Non
457 737 572 799 pecces
587 717 678 792 tuns,
695 736 771 782 eum
785 735 922 801 peceare
938 716 1075 800 impune
1090 716 1220 782 licebit:

367 830 436 898 Sub
451 834 574 896 tortore
589 833 713 910 manet,
730 852 829 916 quem
845 831 982 897 damnat
997 832 1130 898 conseia
1144 833 1222 897 vita.

818 1047 849 1111 8.

365 1178 489 1246 Contra
503 1179 675 1245 hominem
691 1182 839 1245 astutum
854 1179 925 1244 noli
939 1182 977 1244 tu
992 1199 1090 1244 verus
1105 1179 1238 1244 haberi:

363 1294 439 1360 Non
455 1298 586 1380 captare
602 1295 709 1360 melos
725 1291 865 1360 stultum
881 1297 1007 1360 estnec
1022 1295 1106 1360 velle
1123 1314 1253 1359 nocere.

359 1756 426 1840 Det
441 1756 549 1840 legem
565 1758 686 1821 natura
700 1756 771 1832 tibi,
788 1775 858 1821 non
874 1756 993 1841 arripit
1008 1756 1106 1840 ipss.¹
1136 1750 1141 1760 ὅ
1212 1807 1214 1810 .
1251 1767 1261 1808 ’-

802 1971 854 2038 10.

357 2103 456 2183 Quod
471 2106 612 2172 tacitum
628 2125 699 2171 esse
714 2104 797 2171 velis
815 2105 823 2170 '.
841 2155 849 2170 .
866 2150 875 2170 .
894 2154 901 2169 .
918 2105 1031 2184 dicere
1042 2105 1112 2171 noli
1147 2102 1160 2162 '.
1179 2159 1181 2164 .
1209 2103 1217 2108 ”
1281 2166 1284 2176 ,.

353 2562 510 2631 Fortunas
526 2563 623 2628 donis
640 2564 769 2649 semper
783 2569 845 2648 par
860 2585 932 2630 esse
947 2568 1135 2630 memento:
1203 2623 1205 2626 .
1257 2620 1260 2625 .

352 2679 429 2744 Non
444 2679 562 2765 opibus
577 2679 666 2745 bona
681 2680 750 2745 vita
765 2680 871 2760 datur,
890 2681 948 2747 sed
963 2682 1111 2748 moribus
1127 2683 1221 2767 ipsis.
1285 2737 1288 2744 .

794 2897 846 2963 11.

350 3022 451 3110 Spem
466 3027 610 3110 positam
625 3030 694 3094 voti
709 3031 780 3095 noli
795 3035 832 3097 tu
849 3051 979 3120 semper
993 3037 1133 3114 haber03

349 3141 425 3207 Non
439 3142 570 3208 homini
586 3165 716 3229 semper
731 3148 844 3214 faciles
860 3149 942 3216 deus
958 3153 1078 3218 annuit
1094 3174 1201 3220 aures.

792 3360 843 3424 13.

346 3484 445 3564 Quod
459 3487 521 3552 tibi
537 3490 715 3556 eonsilium
730 3492 857 3560 dederit
871 3498 1030 3579 probatus
1046 3495 1065 3533 *
1082 3497 1217 3582 amisus,
1241 3547 1243 3551 2
1278 3498 1280 3556 ἱ

346 3600 530 3669 conserve:
547 3605 679 3671 nullum
695 3611 746 3674 est
760 3609 922 3677 damnum
937 3618 1090 3697 reparate
1103 3617 1284 3684 voluntte*

789 3822 840 3888 14.

342 4059 428 4129 Sunt
445 4065 604 4149 quedem,
624 4089 695 4153 quae
711 4072 797 4136 ferre
814 4072 908 4139 deret
922 4075 1088 4159 patienter
1103 4079 1260 4151 amisum,
1271 4129 1279 4138 .,
