3224 4942
277 372 322 437 50

275 565 447 632 Plenudeo
462 566 679 631 distichorum
702 563 974 646 Cotoniunorum)
994 566 1031 630 in
1055 567 1264 651 ephemeride
1288 565 1397 654 Eppo-

276 684 375 748 temeo
390 680 595 767 Philolopioi
609 677 760 766 Kozloep
777 699 807 744 a.
826 680 922 745 1891.
938 701 971 764 p.
990 680 1220 747 1067—1074.

276 832 279 839 ·
325 799 376 862 18.
393 795 451 864 Si:
473 797 520 873 A;
545 815 672 884 quum:
694 795 741 872 B;
767 813 862 862 eum:
886 797 1005 872 eeteri3
1027 817 1234 881 ,quamquam
1257 799 1397 882 utroque

276 914 375 979 leotio
391 915 508 997 epium
523 911 624 978 effioit
640 933 785 991 sensum,
802 914 981 978 auotoritas
989 911 1200 991 Veronensis,
1211 913 1297 978 siout
1306 913 1395 991 olibi,

277 1029 482 1115 preferendo
498 1051 570 1095 esse
585 1029 716 1095 videtur
724 1051 732 1105 ;
748 1030 835 1096 sim:
849 1029 924 1107 EF3
940 1030 1038 1096 eremi:
1053 1030 1162 1096 ceteri.

323 1144 377 1208 90.
393 1143 466 1211 uer:
479 1146 582 1221 tem
600 1143 812 1220 eaucerem
828 1145 995 1210 sententio
1017 1145 1207 1211 conoessivo
1220 1145 1398 1210 lectionem

278 1257 480 1326 Veronensis
496 1261 716 1326 commendet.
733 1299 777 1310 -
793 1261 917 1327 turim:
932 1261 979 1336 A;
992 1258 1146 1345 placide:
1168 1259 1268 1325 eeteri
1279 1281 1287 1336 ;
1299 1259 1398 1344 plene

279 1374 329 1440 et:
343 1375 390 1451 A3
402 1375 538 1461 ploeieie
548 1375 647 1461 plme
661 1376 714 1440 vol
725 1375 860 1461 placide
875 1375 905 1441 ei
915 1375 1034 1461 pierre:
1049 1375 1161 1441 ceteri.

325 1491 378 1556 99.
390 1489 504 1576 perdit
518 1490 609 1578 quod
624 1491 723 1557 uiuit:
737 1491 785 1567 Α;
803 1489 893 1576 qood
908 1490 988 1557 rimi
998 1489 1130 1575 perdit:
1145 1491 1255 1556 ceteri.

324 1605 378 1670 93.
393 1605 459 1672 Hio
474 1609 525 1672 est
539 1607 620 1671 ordo
634 1629 792 1673 versuum
806 1609 843 1671 in
859 1605 901 1689 A,
917 1607 1017 1672 oeteri
1039 1626 1173 1671 versum
1187 1607 1333 1689 primum
1348 1626 1397 1670 se·
1444 1585 1446 1588 ⁵

279 1721 388 1786 eundo
404 1722 476 1787 loeo
493 1723 706 1788 9119111119-
722 1722 820 1788 deos:
834 1722 882 1797 A;
906 1721 1027 1788 deum:
1051 1722 1160 1800 ceteri,
1188 1743 1259 1806 quae
1283 1722 1399 1806 prooul

279 1836 380 1900 dubio
396 1837 608 1921 interpolatio
623 1837 770 1902 hominis
787 1835 966 1901 Christiani
994 1839 1054 1900 est.
1078 1875 1122 1884 —
1145 1836 1329 1902 mmmmii:
1351 1836 1397 1911 A;

279 1951 473 2038 respondet:
488 1953 598 2019 reteri.

327 2069 380 2132 95.
396 2087 455 2136 oeo
470 2070 520 2136 oie
530 2069 725 2154 promittere
739 2069 830 2136 reoli:
852 2068 899 2144 A;
916 2087 959 2133 rte
977 2067 1026 2133 bis
1036 2067 1235 2152 promiseris
1250 2067 1333 2134 ulli:
1348 2088 1398 2133 ee·

280 2184 361 2260 teri;
378 2184 469 2271 quod
479 2186 655 2270 proestare
665 2184 758 2270 potes
773 2202 951 2270 europeam
967 2184 1035 2250 sive
1047 2183 1154 2269 potest
1173 2201 1270 2251 nemo
1291 2184 1399 2250 oonie·

282 2299 327 2364 eit
350 2299 431 2365 Luo.
455 2300 605 2377 Mueller,
636 2300 723 2364 Berl.
748 2300 833 2364 Phil.
858 2298 1132 2378 Woohensohrift,
1161 2299 1256 2364 1893.
1287 2319 1321 2383 p.
1349 2300 1400 2364 16.

206 2421 207 2424 ’
282 2433 369 2481 esse:
391 2415 438 2491 A;
463 2415 552 2500 ipse:
577 2415 687 2480 ceteri.
712 2415 869 2480 Baehrens
900 2415 962 2480 hoe
991 2415 1065 2480 loeo
1091 2413 1402 2499 praestantissimam

281 2527 483 2598 Veronensis
498 2531 676 2598 leetionem
691 2531 786 2597 nullo
802 2533 938 2615 cogente
963 2549 1064 2596 muso
1088 2533 1315 2608 oontemnens‚
1341 2549 1402 2614 pro

282 2646 391 2730 primo
415 2667 514 2714 versu
536 2647 704 2732 integrum
725 2641 922 2711 Columbuni
937 2647 1165 2711 hexametrum
1189 2643 1309 2727 (Germ.
1332 2665 1400 2709 mo·

282 2763 370 2826 nost.
387 2761 452 2843 94.)
467 2763 504 2826 in
518 2765 646 2828 textum
660 2763 793 2847 recepit,
811 2763 953 2827 ultorum
968 2763 1089 2842 eutem,
1107 2761 1325 2826 similitudine
1341 2759 1401 2825 ΠΙ.

286 2875 337 2942 19.
354 2878 641 2945 commendatum:

329 2991 386 3058 Ne
412 2993 564 3060 dicore
591 2995 764 3080 loquer,
793 3014 887 3061 oum
910 2993 977 3060 eis
1001 2992 1203 3058 urbanus
1233 2992 1401 3067 haberi,

283 3108 346 3174 hoe
362 3109 460 3174 modo
477 3112 710 3178 eommutavit:

330 3223 426 3303 Quod
442 3225 526 3293 dare
539 3245 609 3293 mort
619 3227 740 3312 possis,
756 3226 865 3292 verbis
880 3226 1071 3309 promittere
1088 3225 1168 3302 noli,

330 3340 378 3406 Ne
395 3341 440 3407 sis
455 3345 623 3421 ventosus,
641 3341 722 3406 dum
736 3342 911 3408 virbonus
928 3360 999 3404 esse
1015 3339 1149 3408 viderie.

285 3517 287 3524 .
330 3455 494 3524 Maximus
510 3456 675 3522 Plunudes
692 3457 793 3521 etium
808 3456 862 3522 hio
884 3455 1085 3520 deteriorum
1106 3454 1257 3520 oodioum
1279 3471 1404 3518 memo·

284 3573 371 3640 rium
387 3576 518 3639 secutus
535 3575 601 3639 est:

431 3717 499 3784 Πᾶν
516 3721 533 3784 ὃ
550 3718 624 3804 δύνῃ
640 3722 695 3783 τινὶ
712 3717 828 3797 δοῦναι,
845 3722 960 3804 μήποτε
977 3717 1024 3789 δὶς
1040 3719 1240 3800 eohortem.

333 3899 385 3964 97.
413 3894 633 3974 9111ηώ0831,
658 3896 733 3962 Pur.
760 3896 865 3972 7575;
899 3892 1043 3962 blondo:
1073 3893 1191 3968 ceteri:
1208 3893 1335 3958 rrimio:
1357 3890 1405 3965 A;

286 4011 452 4082 mimium:
467 4013 584 4090 oeteri3
601 4012 703 4080 dum:
718 4012 763 4089 A;
781 4031 879 4080 eum:
894 4007 1014 4076 ODEF.
1210 4005 1212 4008 ’
