3224 4942
806 611 858 675 15.

364 733 448 804 Oum
462 738 524 809 tibi
539 743 592 806 vel
608 741 734 845 socium
749 744 803 809 vel
817 744 923 811 fidum
939 748 1058 831 quaeris
1074 751 1229 829 amicum,

363 853 439 920 Non
453 854 514 920 tibi
531 859 669 923 fortuna.
680 861 730 924 est
744 860 900 940 hominis,
919 861 977 928 sed
993 863 1061 929 vitu
1076 865 1229 948 petendu.

807 1072 859 1138 16.

364 1199 464 1266 Utere
481 1203 626 1287 quaesitis
643 1203 770 1287 opibus,
787 1209 863 1292 fuge
879 1228 1003 1275 nomen
1019 1211 1111 1275 sveri
1120 1231 1128 1288 ;

365 1315 454 1396 Quid
469 1319 530 1386 tibi
545 1319 688 1399 divitius,
705 1322 734 1386 si
750 1343 881 1407 semper
895 1344 1024 1410 pauper
1039 1325 1216 1392 abundes?

810 1539 861 1602 17.

365 1662 402 1730 Si
418 1668 543 1731 fumum
560 1687 689 1732 servare
706 1669 809 1752 cupis,
826 1670 907 1736 dum
923 1671 1017 1749 vivis,
1034 1673 1218 1751 honestam,

366 1777 433 1847 Fac
450 1783 557 1867 fugies
573 1783 696 1862 animo,
714 1807 786 1870 quse
803 1788 881 1851 sunt
897 1788 987 1851 mele
1001 1787 1123 1872 gaudie
1137 1789 1223 1853 vitae.

812 1999 864 2063 18.

368 2127 453 2194 Oum
470 2130 580 2214 sapies
596 2131 718 2209 enimc,
735 2133 806 2196 noli
822 2131 928 2198 ridere
946 2136 1113 2199 senectam
1122 2155 1130 2209 ;

369 2242 455 2309 Num
471 2246 670 2330 quicumque
687 2250 790 2326 senet,
806 2249 944 2332 puerilis
961 2268 1078 2314 sensus
1094 2249 1130 2313 in
1146 2249 1204 2313 ilio
1221 2251 1280 2313 est.

814 2463 866 2526 19.

370 2591 469 2658 Disce
486 2595 630 2679 eliquid3
648 2615 727 2661 nem
744 2617 821 2661 cum
837 2596 945 2661 subito
961 2595 1110 2660 Fortunat
1125 2595 1270 2673 recessit,

370 2711 433 2776 Ars
449 2715 599 2778 remanet
614 2713 783 2796 vitemque
799 2712 944 2776 hominis
959 2731 1029 2776 non
1045 2710 1166 2778 deserit
1180 2729 1342 2796 unquam,

815 2926 869 2990 90.
887 2935 891 2942 '

373 3061 553 3145 Prospicito
571 3064 707 3127 cunctos
721 3060 853 3138 tacitus,
872 3057 950 3144 quid
967 3058 1104 3142 quisque
1119 3057 1292 3141 loquetur:

374 3176 490 3244 Sermo
505 3177 682 3244 hominum
696 3195 807 3242 mores
824 3178 855 3240 et
871 3176 956 3241 celet
965 3177 1005 3239 et
1020 3172 1145 3238 indicet
1160 3171 1259 3238 idem.

819 3389 872 3454 21.

375 3529 498 3596 Exerce
515 3525 634 3604 studio,
653 3525 803 3610 quemvis
818 3522 1003 3608 perceperis
1020 3523 1143 3598 ertem;

377 3643 423 3710 Ut
438 3662 518 3709 cura
532 3642 715 3726 ingenium,
732 3641 779 3706 sic
795 3643 827 3704 et
843 3657 963 3704 munus
980 3636 1115 3702 adiuvet
1131 3655 1241 3701 usum.

821 3855 874 3919 Ἦ.

378 3993 524 4059 Multum
539 3992 672 4058 venturi
688 4011 731 4056 ne
749 3944 845 4058 cures
859 3991 1011 4071 tempore
1027 3984 1106 4049 feti:

379 4108 454 4175 Non
469 4109 588 4174 metuit
603 4111 754 4185 mortem,
773 4106 830 4190 qui
847 4104 908 4170 scit
924 4105 1136 4169 contemnere
1153 4100 1267 4164 vitem.
