3224 4942
1280 411 1324 478 63

204 605 276 672 dice
291 603 476 673 Veronensi
491 604 628 670 attinet:
645 603 823 669 tortorem:
847 603 893 681 A;
919 601 1061 670 tortore:
1085 604 1201 687 procul
1226 603 1326 670 dubio

203 721 433 799 scribendum3
465 720 666 789 concientia
692 717 813 787 domm
844 719 891 796 A:
923 719 1056 786 conecto
1082 717 1151 786 cita
1180 718 1327 787 nometi:

202 837 380 916 Baehrens:
397 837 540 905 damnat
555 835 689 902 conscia
703 833 793 902 vito:
808 836 943 902 correxi.

249 958 281 1021 8.
296 952 438 1020 Versum
452 954 599 1038 primum
615 950 717 1017 codex
732 950 779 1017 sic
795 951 943 1016 exhibet:

249 1066 371 1134 Oontrc
387 1069 558 1134 hominem
573 1069 722 1132 astutum
736 1068 808 1133 noli
823 1067 974 1134 voremus
988 1065 1113 1144 heberi,

293 1186 380 1271 quod
396 1207 472 1252 cum
488 1184 712 1252 Christianam
726 1185 875 1250 redolere
895 1183 1027 1249 videtur
1042 1182 1236 1260 doctrinam,
1252 1183 1326 1246 tum

201 1304 315 1386 aperte
339 1305 504 1387 repugnat
522 1302 631 1368 verbis
659 1301 873 1386 sequentibus
896 1320 959 1365 nec
982 1319 1053 1365 non
1078 1299 1195 1365 ceteris
1218 1299 1325 1381 poetae

202 1419 308 1498 nostri
323 1417 364 1483 de
379 1419 442 1484 hec
456 1435 492 1484 re
509 1419 693 1496 sententiis,
711 1438 728 1483 e
746 1418 865 1502 quibus
880 1418 943 1483 hoc
959 1417 1031 1482 loco
1056 1415 1222 1500 praecipue
1248 1433 1325 1479 con-

201 1531 380 1598 siderando
396 1534 475 1597 sunt
489 1531 654 1598 distichon
670 1531 755 1596 illud
780 1531 905 1597 infnme
921 1531 958 1596 in
972 1528 1157 1596 Veronensi
1173 1533 1324 1594 exstsns:

336 1699 520 1765 Dissimulc
534 1700 643 1778 leesus,
660 1701 688 1765 si
703 1720 773 1766 non
788 1699 886 1765 detur
901 1700 984 1764 ultio
1000 1717 1164 1783 praesens:

337 1813 402 1894 Qui
417 1816 522 1882 celare
537 1818 648 1900 potest
662 1817 785 1894 odium,
801 1818 878 1900 pote
893 1815 1022 1892 laedere,
1040 1833 1139 1899 quem
1154 1815 1234 1892 vult,

247 1998 288 2074 et,
306 1994 394 2080 quod
409 1995 452 2060 ed
466 1996 572 2060 totam
588 1995 805 2080 questionem
821 1992 1014 2059 solvendam
1036 1992 1173 2058 maximi
1189 1995 1239 2058 est
1254 2012 1324 2057 mo·

200 2111 316 2188 menti,
333 2109 360 2174 Ι.
378 2112 439 2176 Ιθε

337 2277 421 2343 Cum
436 2279 573 2344 simulet
586 2278 696 2343 verbis
710 2298 773 2344 nec
788 2275 885 2344 corde
902 2281 951 2343 est
966 2276 1053 2344 fidus
1068 2278 1205 2356 amicus,

336 2394 385 2459 Tu
402 2413 530 2480 quoque
547 2396 599 2460 inc
615 2393 770 2460 simules:
788 2395 834 2461 sic
850 2414 904 2460 crs
918 2393 1087 2460 deluditur
1102 2397 1182 2460 erte.

249 2569 376 2650 Quibus
392 2573 420 2638 si
436 2572 539 2652 addis,
557 2571 716 2640 Catonem
731 2573 854 2656 ubique
878 2573 1044 2638 contraria
1059 2573 1150 2638 iuxta
1166 2588 1201 2637 se
1216 2571 1324 2656 posite

202 2689 331 2767 sectari,
347 2692 385 2755 ut
401 2690 542 2774 exempli
557 2689 664 2774 gretie
678 2689 732 2754 his
747 2689 847 2782 locis:

214 2837 217 2844 ·
246 2801 273 2868 1.
294 2806 350 2869 ll:
368 2802 422 2870 Sic
439 2803 546 2871 bonus
562 2807 632 2870 esto
650 2801 756 2886 boos,
771 2823 815 2868 nc
829 2806 863 2870 te
878 2805 969 2870 mule
983 2803 1107 2869 dcmnc
1123 2805 1323 2888 sequnntur:

246 2917 273 2984 Ι.
292 2921 351 2985 ln:
367 2921 454 2986 Num
469 2921 556 2986 nulli
572 2919 713 2990 unisse
727 2923 834 3000 nocet,
852 2923 950 2987 nocet
965 2940 1036 2986 esse
1053 2920 1221 3001 locutum:

247 3033 274 3100 Ι.
292 3036 353 3100 Ιὸι
371 3033 436 3113 Qui
453 3037 589 3102 simulet
604 3037 714 3105 verbis
729 3058 791 3103 nec
806 3036 905 3105 corde
921 3040 970 3103 eet
986 3037 1072 3102 fidus
1088 3037 1232 3113 nmicus3

247 3148 274 3215 Ι.
292 3151 352 3216 29:
370 3149 467 3229 Quod
482 3151 545 3218 vile
560 3155 619 3232 est,
637 3171 765 3232 aarum,
783 3152 870 3237 quod
885 3172 1004 3220 carum
1020 3155 1079 3232 est,
1106 3153 1171 3217 vile
1187 3155 1321 3236 putet03

247 3265 274 3332 Ι.
292 3268 353 3332 39.
369 3265 526 3353 lyncium
540 3268 601 3334 tibi
616 3271 653 3334 tu
669 3269 739 3332 noli
753 3287 945 3353 praeponere
960 3267 1048 3335 notis
1056 3290 1068 3350 ;

250 3378 392 3469 Coqcilo
406 3381 530 3447 indicio
546 3386 709 3461 constent,
726 3383 896 3470 inooyuito
911 3404 991 3450 ccsu
999 3404 1008 3461 ;

247 3493 291 3562 Π.
310 3498 368 3562 18:
386 3495 572 3565 Stultitiam
587 3498 744 3565 simulare
760 3500 833 3564 loco
844 3497 1030 3584 prudentia
1044 3519 1177 3565 summe
1192 3503 1250 3578 est,

290 3633 351 3698 pro
366 3614 517 3680 ememus
531 3613 597 3680 tole
614 3614 693 3699 quid
716 3614 910 3699 ponendum
926 3635 1007 3694 esse,
1025 3615 1113 3701 quod
1128 3618 1237 3683 astuto
1252 3637 1322 3683 mc-

201 3726 288 3798 xime
305 3731 509 3796 contrarium
524 3732 577 3810 sit,
594 3732 691 3797 focile
707 3732 853 3817 colliges.
871 3729 1095 3809 Quamobrem
1111 3730 1255 3798 Schenkl
1263 3754 1322 3817 pro

201 3847 351 3912 veterem
367 3847 498 3932 scripsit
513 3846 710 3927 innormen,
727 3847 785 3914 scd
800 3848 840 3914 de
857 3849 1046 3914 coniectum
1062 3868 1131 3927 sus,
1161 3869 1237 3914 cum
1261 3851 1323 3915 hoc

202 3962 400 4026 vocabulum
415 3963 504 4048 opud
527 3964 683 4048 antiquos
703 3984 870 4048 nusqunm
894 3966 1088 4043 occurreret,
1113 3965 1184 4049 ipse
1209 3964 1322 4049 despe-

201 4077 297 4166 ravit.
306 4077 478 4162 Equidem,
491 4082 529 4146 ut
544 4081 717 4146 sententies
733 4079 917 4158 satisfieret,
935 4079 1061 4146 conieci
1076 4080 1113 4146 tu
1126 4099 1232 4158 vernn,
1244 4101 1322 4165 quo·
