3224 4942
266 353 287 416 8

264 549 454 634 pervenisse
483 545 642 613 Catonem
672 548 899 614 infelicissime
929 549 1158 632 persuasisset.
1199 547 1327 628 Quibus
1358 551 1386 615 si

265 665 369 743 addis,
386 663 636 749 antiquissimos
651 666 750 749 atque
775 665 917 748 optimos
942 665 1070 730 codices
1093 667 1209 748 postea
1223 666 1260 729 in
1274 665 1385 732 lucem

265 803 337 848 esse
352 783 510 867 prolatos,
526 779 708 846 editionem
733 781 804 846 eius
828 781 923 846 nulia
939 784 1087 865 exparte
1104 801 1124 845 a
1139 780 1236 847 nobis
1251 782 1385 866 probari

264 917 333 962 non
349 898 399 962 est
416 896 503 982 quod
518 897 658 962 mireris.

308 1011 451 1080 Schenkl
476 1013 566 1076 enim
592 1013 711 1096 paucis
731 1016 807 1098 post
833 1014 932 1079 annis
955 1011 1094 1079 Verona
1118 1015 1155 1078 in
1178 1012 1384 1079 Bibliotheca

265 1127 447 1214 capitulari
463 1130 605 1196 excussit
619 1128 743 1194 librum
759 1130 1024 1214 manuscriptum
1042 1127 1176 1194 Catonis
1192 1129 1383 1214 antiquissi-

263 1247 382 1325 mum,1
414 1267 479 1331 quo
510 1267 586 1311 cum
617 1246 733 1311 ceteris
764 1250 953 1329 comparato
984 1249 1111 1310 textum
1142 1246 1214 1311 eius
1244 1245 1286 1310 ab
1317 1245 1383 1308 alio

263 1364 442 1446 archetypo
456 1362 619 1446 originem
634 1361 754 1427 ducere
778 1363 949 1447 multoque
964 1362 1138 1427 meliorem
1154 1381 1301 1430 servasse
1318 1363 1383 1425 ior·

262 1498 353 1544 mam
369 1478 464 1544 facile
490 1478 654 1562 apparuit,
682 1481 719 1544 ut
747 1498 824 1543 eum
848 1478 1005 1542 mutilum
1033 1495 1104 1543 esse
1131 1491 1239 1562 neque
1267 1497 1382 1542 omnes

261 1614 377 1659 versus
393 1595 544 1659 exhibere
560 1593 849 1659 vehementissime
874 1595 917 1658 sit
940 1593 1131 1658 dolendum.
1150 1592 1214 1659 Sed
1229 1593 1382 1679 equidem

260 1709 296 1774 id
310 1711 453 1774 maxime
469 1730 554 1795 aegre
568 1710 641 1787 tufi,
654 1708 742 1794 quod
760 1707 917 1794 Cc‘pollo,2
934 1710 990 1794 qui
1012 1712 1129 1793 postea
1144 1711 1239 1775 nulla
1254 1710 1383 1774 ratione

261 1828 550 1893 commentationis
567 1824 815 1892 Schenkelianae
831 1826 945 1890 habita
959 1825 1186 1891 Veronensem
1202 1826 1322 1901 denuo,
1338 1858 1383 1872 -

260 1964 330 2009 non
346 1944 446 2022 enim,
459 1945 496 2008 ut
507 1944 616 2008 bonus
631 1942 737 2008 Italus
749 1941 993 2027 neglegentiam
1009 1961 1105 2006 suam
1121 1961 1263 2026 arguens
1279 1941 1381 2012 oredi-

261 2060 318 2138 dit,
334 2061 463 2144 primus
478 2097 522 2105 -
537 2059 690 2143 inspexit,
707 2059 814 2124 multa
841 2059 938 2123 aliter
954 2059 1126 2142 exscripsit
1140 2078 1249 2142 neque
1264 2058 1382 2123 tertius

261 2178 446 2262 quisquam,
473 2175 529 2258 qui
551 2175 676 2240 librum
699 2176 816 2259 procul
839 2174 941 2240 dubio
965 2175 1111 2240 maxima
1138 2194 1217 2239 cura
1243 2173 1382 2258 dignum

259 2296 434 2376 utramque
459 2291 672 2356 collationem
696 2291 876 2374 respiciens
902 2291 1098 2368 consuleret,
1125 2291 1190 2356 huo
1210 2310 1315 2374 usque
1331 2289 1381 2353 in·

259 2411 378 2474 ventus
394 2411 454 2473 est.
470 2405 598 2472 Deinde
613 2406 739 2490 publici
754 2406 837 2471 iuris
853 2407 947 2471 factae
964 2409 1042 2471 sunt
1063 2406 1223 2471 lectiones
1239 2405 1381 2471 duorum
1465 2428 1468 2432 ·

259 2524 485 2609 neglectorum
510 2526 609 2589 antea
634 2523 794 2601 ecdicum,
821 2523 947 2587 scilicet
969 2522 1125 2587 Vossiani
1150 2523 1187 2587 L.
1210 2519 1249 2600 Q.
1267 2521 1333 2588 86⁸
1349 2525 1381 2592 et.

260 2640 545 2724 Montepessulani
560 2640 596 2703 in
611 2639 812 2704 bibliotheca
836 2611 969 2703 serora*
982 2637 1189 2703 medianam
1218 2638 1309 2717 eoo,4
1325 2638 1381 2722 qur

260 2775 461 2840 quamquam
486 2775 697 2821 communem
728 2752 852 2818 habent
877 2775 953 2818 oum
978 2753 1094 2818 ceteris
1126 2753 1167 2818 ab
1198 2755 1380 2820 Hauthalio

258 2872 403 2937 excussis
419 2873 555 2949 fontem,
568 2870 675 2935 multo
688 2871 801 2934 tamen
812 2870 919 2952 pluris
932 2868 1118 2948 aestimandi
1131 2889 1202 2935 esse
1214 2869 1379 2937 videntur.

312 2987 491 3072 Postquam
506 2987 607 3071 igitur
622 2985 704 3050 artis
725 2984 844 3050 oritioae
860 2985 914 3050 via
931 2984 1075 3070 quadam
1091 3005 1129 3050 ao
1145 2985 1273 3051 ratione
1290 3006 1381 3052 exer-

302 3258 403 3315 ²Vide
433 3259 462 3316 C.
482 3260 621 3316 Schenkl:
648 3261 721 3314 Eine
739 3260 795 3315 alte
814 3259 1003 3315 Handschrift
1030 3259 1079 3314 der
1105 3259 1237 3335 Disticha
1255 3262 1378 3316 Catonis.

259 3357 431 3427 (zeitschrift
448 3358 467 3413 f.
486 3362 538 3413 ost.
557 3359 664 3428 Gymn.
685 3359 762 3414 1873.
781 3375 809 3427 p.
827 3357 901 3427 485.)

302 3453 347 3510 Ἰ
368 3455 457 3509 codici
483 3455 619 3510 Veronesi
650 3455 696 3509 dei
727 3455 821 3510 distioi
852 3455 1010 3510 Catoniani.
1041 3455 1153 3512 Riviste
1183 3457 1212 3510 di
1243 3456 1380 3527 Filologia

256 3553 337 3608 VIII.
354 3569 382 3624 p.
401 3552 552 3607 517-535.
598 3553 603 3559 ’
1100 3545 1103 3550 ’

301 3647 313 3681 ³
331 3650 402 3706 Vide
419 3651 457 3706 H.
476 3649 503 3705 J.
521 3649 651 3704 Muelleri
668 3649 792 3706 librum:
810 3649 950 3720 Symbolae
970 3652 1007 3705 ad
1025 3652 1217 3707 emendandos
1230 3652 1378 3724 scriptores

256 3750 381 3804 Latinos.
399 3749 527 3804 Berolini
547 3748 625 3802 1876.
1001 3743 1003 3746 ’

300 3844 401 3901 ⁴Vide
432 3845 588 3900 Fontairw:
618 3846 712 3900 Etude
740 3862 790 3899 sur
819 3846 860 3900 les
891 3846 1028 3916 distiques
1057 3864 1194 3902 moreaux
1225 3847 1259 3901 de
1289 3846 1378 3902 Geton

256 3943 365 4012 d’apres
383 3943 458 3998 deux
474 3943 648 4024 manuscrits
664 3943 701 4010 de
720 3943 902 4014 Montpellier
920 3945 1026 4014 (Revue
1054 3945 1089 4000 de
1116 3945 1279 4015 Philologia
1300 3945 1378 4000 1880.

254 4059 282 4111 p.
303 4040 464 4109 177-185.)
523 4075 526 4082 ·
