3224 4942
1310 415 1350 488 51

230 621 332 690 30.
359 615 498 684 rectori:
521 617 568 694 A:
597 614 744 683 doctori:
774 618 895 694 ceteri:
925 613 1069 705 aequat:
1082 615 1129 732 A,
1149 613 1356 740 ’3031039033

231 735 352 810 003031;
369 732 574 820 3030380033
576 730 757 798 Β30133000.
869 735 870 740 ’

232 850 356 917 33·
337 870 380 916 cc
389 849 505 916 certes
516 845 689 924 codices;
676 867 713 914 cn
724 865 850 914 coecis
864 848 944 913 Luc.
957 848 1099 913 Mueller
1107 845 1257 926 comecrt
1267 846 1354 966 Berl.

231 963 318 1032 Phil.
335 964 599 1034 Woohenschrift
617 964 713 1030 1893.
716 985 773 1048 ,.p
792 965 887 1029 17.

233 1081 332 1148 40.
350 1079 485 1148 duodo:
503 1081 577 1146 Per.
604 1081 702 1146 3773.
728 1075 909 1158 8093,·*1n
930 1098 994 1144 res.
1027 1077 1129 1143 etiem
1158 1071 1355 1164 Reginensis

233 1197 322 1265 3078
331 1220 340 1276 ;
355 1195 460 1285 felioc:
475 1195 585 1275 ceteri,
603 1195 690 1280 quod
706 1195 980 1264 molestissimum
995 1195 1059 1260 fuit
1079 1194 1200 1262 criticis
1217 1197 1356 1263 altorem

231 1311 432 1398 scripturam
447 1311 696 1397 ignorantibus..
714 1310 810 1376 Nunc
831 1309 1106 1395 preestentissims
1129 1309 1357 1376 Peucinorum

232 1429 333 1495 lectio
347 1428 473 1512 publici
489 1427 572 1493 iuris
588 1429 676 1493 fectu
690 1424 955 1492 luculentissime
970 1427 1074 1504 docet,
1091 1426 1154 1492 hoo
1165 1426 1355 1514 feliceprop-

231 1547 285 1610 ter
310 1544 337 1608 Ι.
357 1543 417 1609 18:
445 1561 522 1610 cum
536 1543 642 1631 fucris
657 1540 742 1630 felioc
758 1543 795 1607 in
810 1545 936 1608 textum
951 1541 1142 1627 irrepsisse;
1168 1541 1251 1607 eddo
1269 1541 1356 1626 quod

233 1657 271 1724 in
298 1657 326 1725 C
349 1661 381 1724 et
404 1657 482 1724 finis
506 1658 607 1723 huius
631 1656 832 1723 heremetri:
857 1676 944 1744 quoe
965 1658 1044 1724 socc
1067 1656 1211 1725 03300300
1233 1658 1356 1738 000030,

235 1777 349 1840 nostro
364 1775 437 1840 loco
452 1774 583 1859 legitur.
599 1773 790 1841 Notendum
806 1776 856 1840 est
874 1777 1043 1860 praetores,
1069 1772 1282 1859 scaligerum,
1308 1775 1355 1839 vi·

233 1911 310 1955 rum
325 1889 451 1975 ingenii
467 1891 620 1955 ocumine
637 1890 960 1968 excellentissimum,
986 1889 1085 1968 idem,
1107 1889 1198 1974 quod
1213 1891 1304 1955 nuno
1319 1890 1356 1954 in

232 2004 393 2072 Parisinis
409 2006 539 2090 legitur,
556 2005 762 2071 confidenter
776 2004 966 2071 coniecisse.
977 2001 1098 2071 Confer
1106 2004 1357 2070 adnotationem

233 2121 324 2186 eius:
356 2120 448 2185 «Non
473 2119 663 2186 dubitamus
688 2122 729 2185 sb
755 2123 888 2185 suctore
913 2120 1091 2204 scriptum:
1117 2119 1229 2198 Quum
1252 2121 1355 2184 fueris

234 2233 359 2303 duodo
377 2234 489 2314 Quum
503 2235 614 2301 dendo
630 2236 736 2301 mults
751 2236 867 2301 amicis
892 2236 1028 2320 dapsilis
1045 2235 1210 2302 audiveris
1227 2240 1259 2302 et
1273 2235 1353 2302 libe-

235 2351 324 2430 relis,
340 2354 454 2417 temen
470 2349 661 2416 memineris
676 2353 709 2416 te
724 2352 786 2417 tibi
801 2351 989 2436 proximum
1005 2372 1105 2418 esse.»
1250 2355 1252 2362 ’

237 2497 239 2505 ·
279 2467 436 2532 Beehrens
453 2466 566 2532 nescio
590 2485 656 2552 que
679 2467 808 2532 ratione
831 2486 892 2553 pro
919 2485 1019 2534 coccos
1044 2465 1156 2533 scribit
1181 2465 1297 2555 carpos
1323 2471 1354 2533 et

234 2603 367 2649 versum
384 2583 526 2648 alterum
540 2584 686 2668 pessime
701 2581 969 2668 interpunctione
985 2584 1185 2668 corrumpit:

280 2695 364 2765 Cum
378 2699 491 2778 fueris,
509 2699 618 2765 dendo
635 2717 766 2784 semper
780 2699 846 2764 3101
856 2699 1027 2783 proximus
1044 2695 1165 2764 esto.**

489 2959 491 2968 y
625 2993 626 2996 '
714 2999 811 3060 liber
823 3000 865 3061 11.

280 3162 311 3226 8.
328 3158 408 3227 Noli
417 3162 541 3246 pctore
555 3158 684 3228 motos:
697 3160 841 3246 pessime
856 3162 902 3239 A;
920 3162 997 3228 coto
1017 3162 1115 3248 putee
1133 3181 1280 3248 procos:
1303 3185 1354 3230 ce·

234 3275 315 3352 teri;
333 3273 557 3362 temporibus:
572 3276 700 3342 codices
717 3297 851 3354 omnes;
869 3277 1015 3363 tompore
1032 3277 1082 3344 si:
1104 3278 1262 3344 Baehrens
1272 3300 1280 3356 ;
1306 3281 1355 3346 ei:

220 3391 382 3478 »codicem
400 3392 454 3459 ot:
469 3391 517 3459 sic
531 3393 643 3459 locum
659 3392 822 3471 emendet,
841 3394 898 3478 qui
915 3393 1094 3459 editionem
1110 3391 1353 3461 003001οΗ00-

234 3508 420 3573 theliensm
434 3508 600 3574 recensuit
624 3508 661 3574 in
685 3509 893 3593 ephemeride
917 3507 1037 3576 Ptitot.
1062 3507 1228 3597 Aczeipor
1241 3514 1273 3576 t.
1297 3509 1355 3579 IV.

233 3631 266 3709 p.
282 3624 359 3689 463.

278 3836 296 3873 *
314 3835 393 3902 Vide,
421 3853 484 3907 quoe
512 3836 641 3908 exposuit
670 3834 777 3894 Bonoct
794 3835 826 3890 in
844 3800 940 3891 Rerue
959 3835 993 3890 de
1011 3834 1171 3906 philologie‚
1198 3835 1263 3891 VII.
1290 3801 1353 3908 psg.

234 3931 350 3988 33-33.

261 4029 297 4068 *¹*
315 4031 371 4086 Ubi
388 4031 420 4085 in
438 4035 579 4102 apparatu
597 4030 695 4087 critico
713 4029 748 4086 de
766 4029 861 4086 codice
879 4029 1037 4085 Veronensi
1054 4027 1166 4084 nullom
1192 4027 1248 4084 feci
1274 4046 1353 4114 men·

233 4128 352 4196 tionem,
370 4128 512 4184 distichon
531 4127 563 4183 in
582 4129 691 4200 optimo
710 4129 761 4184 illo
778 4127 851 4184 libro
871 4128 965 4184 deesse
984 4126 1065 4183 scies.
1212 4204 1249 4261 μ
