3224 4942
804 537 855 601 15.

359 666 455 747 Quod
470 668 560 735 nosti
574 671 701 734 {aetum
715 667 805 732 haud
821 670 918 744 reete,
936 668 1042 732 nolito
1058 669 1166 746 silere,

359 787 407 850 Ne
423 786 554 851 videare
570 785 677 849 malos
693 783 818 848 imitari
832 785 918 850 velle
933 784 1085 849 taeen'do.

358 1132 482 1198 Iudicis
498 1132 660 1198 auxilium
676 1131 738 1196 sub
754 997 871 1214 ίηέιζε.
886 1131 957 1214 lege
973 1133 1087 1214 rogato
1100 1152 1109 1208 ;

359 1249 444 1332 Ipsae
460 1248 561 1314 etiam
576 1249 665 1332 leges
682 1247 830 1331 eupiunt,
848 1249 885 1311 ut
900 1247 972 1312 iure
989 1250 1157 1331 regantur.

807 1463 858 1526 17.

362 1593 457 1672 Quod
472 1595 591 1658 merito
607 1594 740 1678 pateris,
757 1595 923 1677 patienter
937 1598 1022 1660 ferre
1039 1596 1216 1670 memento,

362 1708 510 1794 Cumque
526 1729 603 1774 reue
619 1709 679 1773 tibi
696 1708 751 1785 eie,
769 1709 880 1792 ipsum
895 1711 928 1773 te
944 1708 1052 1774 iudice
1069 1708 1200 1773 damna.

361 2056 469 2123 Multa
484 2055 574 2138 leges
590 2053 699 2130 feeito,
717 1913 870 2138 perdiie
887 2053 1022 2137 neglege
1038 2054 1165 2132 multa;
1259 2055 1261 2060 '

362 2174 447 2237 Nam
461 2168 616 2234 miranda
632 2173 766 2248 canunt,
784 2169 841 2234 sed
857 2189 926 2233 non
942 2168 1105 2236 eradenda
1120 2171 1235 2252 poetae.

831 2387 861 2448 9.

362 2522 455 2587 Inter
470 2519 626 2586 convivae
642 2521 693 2583 fae
710 2519 755 2582 eis
772 2537 923 2586 sermone
940 2517 1119 2595 modestus,

363 2638 411 2701 Ne
427 2635 537 2700 dicare
553 2635 684 2718 loquax,
701 2654 778 2698 eum
793 2633 843 2698 vis
860 2633 1008 2697 urbanus
1023 2633 1148 2700 haberi.

810 2848 863 2911 20.

366 2980 524 3065 Coniugis
540 2981 632 3045 iratae
648 2979 719 3043 noli
734 2981 771 3044 tu
787 2979 887 3043 verba
902 2979 1018 3043 timere
1032 2999 1040 3056 ;

364 3099 451 3162 Nam
465 3096 612 3162 lacrimis
629 3095 727 3160 struit
742 3094 890 3172 insidias,
909 3115 985 3160 eum
1000 3093 1126 3159 femina
1141 3092 1260 3176 plorat.

812 3309 864 3374 21.

368 3440 468 3506 Utere
485 3442 640 3525 quaesitie,
658 3441 717 3506 eed
732 3461 774 3506 ne
790 3441 933 3506 videaris
950 3441 1062 3506 abuti:

369 3554 435 3634 Qui
451 3576 512 3622 sua
528 3560 738 3635 consumunt,
757 3579 833 3622 eum
849 3557 930 3636 dest,
949 3557 1060 3621 aliena
1076 3558 1272 3640 sequuntur.

814 3771 866 3838 tt.

368 3903 435 3970 Fae
450 3903 512 3968 tibi
526 3921 693 3990 proponas
709 3903 850 3968 mortem
866 3923 936 3968 non
952 3923 1023 3967 esee
1039 3901 1233 3978 timendam,

370 4018 451 4099 Quae
467 4021 555 4084 bona
571 4020 599 4085 ei
615 4040 684 4083 non
700 4022 758 4097 eet,
775 4019 852 4083 finis
867 4022 982 4084 temen
997 4019 1056 4086 illa
1071 4020 1237 4084 malorum
1253 4021 1313 4082 est.
