3224 4942
547 1112 720 1182 DICTA
744 1111 996 1180 CATONIS.

673 1359 870 1414 Panemo.

260 1519 289 1582 1.
307 1514 391 1581 Cum
407 1514 715 1593 animadverterem,
731 1515 895 1598 plurimoe
918 1515 1062 1598 graviter
1077 1513 1114 1578 in
1128 1513 1184 1578 vie
1198 1533 1333 1578 morum

214 1649 333 1707 errare,
352 1629 611 1696 succurrendum
627 1629 777 1713 opinioni
794 1649 910 1694 eorum
927 1631 959 1694 et
975 1628 1218 1694 consulendum
1233 1631 1332 1694 femae

214 1744 407 1824 existimavi,
424 1745 566 1810 menime
592 1747 630 1810 ut
653 1745 726 1812 istie
749 1745 892 1830 gloriose
907 1745 1018 1816 vivere
1044 1747 1077 1809 et
1090 1745 1230 1810 honeste
1246 1744 1334 1810 mori

212 1861 427 1945 contingeret.
445 1862 476 1925 2.
493 1860 602 1940 Quare
619 1861 684 1926 iste
700 1859 853 1925 faciende
877 1862 976 1944 etque
992 1859 1155 1926 imitanda
1171 1879 1242 1925 6666
1258 1879 1331 1943 per·

211 1974 337 2057 scripsi,
362 1978 400 2041 ut
425 1977 520 2042 fectis
546 1997 662 2044 eorum
685 1977 754 2041 vite
778 1976 971 2059 corrigetur.
996 1975 1102 2059 Igitur
1124 1977 1288 2060 praeeepta
1304 1975 1333 2040 is
1399 2031 1404 2037 .

210 2090 308 2174 leget,
326 2092 383 2175 qui
397 2091 571 2176 intellegit.
596 2092 720 2176 Legem
745 2092 836 2159 enim
860 2092 894 2156 et
917 2108 987 2156 non
1010 2089 1201 2175 intellegere
1222 2063 1368 2176 negle-‘s

211 2227 287 2291 gere
304 2210 364 2272 eet.
469 2246 472 2253 ·

657 2397 870 2454 summ.

504 2553 533 2615 1.
550 2550 620 2616 Deo
637 2553 797 2637 suppliee.

502 2667 533 2731 l.
549 2666 707 2744 Parentes
724 2688 810 2735 61116.

502 2779 533 2843 3.
551 2777 714 2865 Cognatoe
730 2781 811 2849 eole.

501 2895 533 2959 l.
549 2894 673 2961 Datum
690 2916 793 2963 66116.

503 3013 533 3075 5.
550 3010 636 3075 Foro
652 3032 762 3094 perce.

503 3126 533 3190 6.
551 3122 636 3191 Cum
650 3127 749 3191 bonis
760 3128 906 3197 ambula.

503 3242 534 3306 7.
549 3240 601 3305 Ad
616 3261 762 3326 nequem
782 3264 825 3316 ne
842 3246 1029 3318 recesseris.

503 3358 534 3421 8.
552 3357 699 3423 Mundus
716 3362 796 3433 este.

504 3475 534 3539 9.
552 3471 667 3539 Salute
681 3475 834 3550 libenter.

482 3590 533 3654 10.
551 3589 670 3656 Maiori
686 3591 840 3662 eoneede.

483 3705 534 3770 11.
551 3705 784 3790 Magistratum
800 3709 923 3780 metue.

483 3821 534 3886 12.
550 3819 792 3892 Verecundiam
809 3842 914 3891 66116.

483 3936 533 4000 13.
549 3935 633 4002 Rem
648 3939 742 4002 tunm
757 3937 896 4008 custodi.

482 4052 534 4117 14.
549 4052 765 4138 Diligentiam
781 4053 911 4123 adhibe.
